
﻿@incollection {tl2,
   author = {Dice, Dave and Shalev, Ori and Shavit, Nir},
   affiliation = {Sun Microsystems Laboratories, 1 Network Drive, Burlington MA 01803-0903  },
   title = {Transactional Locking II},
   booktitle = {Distributed Computing},
   series = {Lecture Notes in Computer Science},
   editor = {Dolev, Shlomi},
   publisher = {Springer Berlin / Heidelberg},
   pages = {194-208},
   volume = {4167},
   year = {2006}
}

@Article{actpp,
  author = 	 {Loch M. and Mukherji M. and Lavendar G.},
  title = 	 {{A}ct++ 2.0: {A} class library for concurrent programming in {C}++ using actors},
  year = 	 {1993},
  journal = 	 {Journal of Object-Oriented Programming},
  pages = 	 {47--55},
  month = 	 {October},
}

@article{creol:broch:owe,
  author = 	 {Einar Broch Johnsen and Olaf Owe},
  title = 	 {An {A}synchronous {C}ommunication {M}odel for {D}istributed {C}oncurrent {O}bjects},
  journal = 	 {Software and Systems Modeling},
  year = 	 {2007},
  volume = 	 {6},
  number = 	 {1},
  pages = 	 {39--58},
}

@article{mapreduce:dean_ghemawat,
 author = {Dean, Jeffrey and Ghemawat, Sanjay},
 title = {MapReduce: simplified data processing on large clusters},
 journal = {Commun. ACM},
 volume = {51},
 issue = {1},
 month = {January},
 year = {2008},
 pages = {107--113},
 publisher = {ACM},
}

@article{scala:actors:ordersky,
	author = {Philipp Haller and Martin Odersky},
	title = {Scala Actors: Unifying thread-based and event-based programming},
	journal = {Theoretical Computer Science},
	volume = {410},
	number = {2-3},
	pages = {202-220},
	year = {2009}
}

@article{salsa:agha,
 author = {Varela, Carlos and Agha, Gul},
 title = {Programming dynamically reconfigurable open systems with
{SALSA}},
 journal = {SIGPLAN Not.},
 volume = {36},
 issue = {12},
 month = {December},
 year = {2001},
 pages = {20--34},
 publisher = {ACM},
}

@Article{fnd:actor:cmpt:agha,
  author = 	 {Gul A. Agha, Ian A. Mason, Scott F. Smith and Carolyn L. Talcott},
  title = 	 {A foundation for actor computation},
  journal = 	 {Journal of Functional Programming},
  year = 	 {1997},
  volume = 	 {7},
  pages = 	 {1--72},
}

@Article {stm_shavit_touitou,
   author = {Shavit, Nir and Touitou, Dan},
   title = {Software transactional memory},
   journal = {Distributed Computing},
   pages = {99--116},
   volume = {10},
   issue = {2},
   year = {1997}
}

@article{stm_Cascaval,
 author = {Cascaval, Calin and Blundell, Colin and Michael, Maged and Cain, Harold W. and Wu, Peng and Chiras, Stefanie and Chatterjee, Siddhartha},
 title = {Software transactional memory: why is it only a research toy?},
 journal = {Commun. ACM},
 volume = {51},
 issue = {11},
 month = {November},
 year = {2008},
 pages = {40--46},
 numpages = {7},
 publisher = {ACM},
}

@InBook{coord:ordersky,
  ALTauthor = 	 {Philipp Haller and Martin Odersky},
  title = 	 {Coordination Models and Languages},
  chapter = 	 {Actors That Unify Threads and Events },
  publisher = 	 {Springer Berlin / Heidelberg},
  year = 	 {2007},
  volume = 	 {4467},
  pages = 	 {171--190},
}

@PhdThesis{actors:agha,
  author = 	 {Gul Agha},
  title = 	 {Actors: a model of concurrent computation in distributed systems},
  year = 	 {1986},
  school = {MIT}
}

@inproceedings{actor_frameworks_jvm:agha,
 author = {Karmani, Rajesh K. and Shali, Amin and Agha, Gul},
 title = {Actor frameworks for the {JVM} platform: a comparative analysis},
 booktitle = {Proc. 7th International Conference on Principles and Practice of Programming in Java},
 series = {PPPJ '09},
 year = {2009},
 pages = {11--20},
 publisher = {ACM},
}

@inproceedings{jstm_Brevnov,
 author = {Brevnov, Evgueni and Dolgov, Yuri and Kuznetsov, Boris and Yershov, Dmitry and Shakin, Vyacheslav and Chen, Dong-Yuan and Menon, Vijay and Srinivas, Suresh},
 title = {Practical experiences with Java software transactional memory},
 booktitle = {Proceedings of the 13th ACM SIGPLAN Symposium on Principles and practice of parallel programming},
 series = {PPoPP '08},
 year = {2008},
 pages = {287--288},
 numpages = {2},
 publisher = {ACM},
}

@inproceedings{actors_highly:Correa,
 author = {Corr\^{e}a, F\'{a}bio},
 title = {Actors in a new ``highly parallel" world},
 booktitle = {Proc. Warm Up Workshop for ACM/IEEE ICSE 2010},
 series = {WUP '09},
 year = {2009},
 pages = {21--24},
 numpages = {4},
 publisher = {ACM},
}

@incollection {kilim:Srinivasan:Mycroft,
   author = {Srinivasan, Sriram and Mycroft, Alan},
   title = {Kilim: {I}solation-{T}yped {A}ctors for {J}ava},
   booktitle = {ECOOP 2008 - Object-Oriented Programming},
   publisher = {Springer Berlin / Heidelberg},
   pages = {104-128},
   volume = {5142},
   year = {2008}
}

@book{erlang:armstrong,
 author = {Armstrong, Joe},
 title = {Programming Erlang: Software for a Concurrent World},
 year = {2007},
 publisher = {Pragmatic Bookshelf},
 }


@Unpublished{scala_erlang_comp:pellegrini,
  author = 	 {Simone Pellegrini},
  title = 	 {Scala and Erlang, the actor based concurrency model in the multicore era},
  month = 	 {November},
  year = 	 {2008},
  note = {Paper for seminar in Parallel Systems}
}

@Manual{e_language,
	title = {The {E} {L}anguage},
	note = {\surl{http://erights.org/}}
}

@Manual{axum,
  author = {{M}icrosoft {C}orporation},
  title = 	 {Axum Programming Language},
  note = {\surl{http://msdn.microsoft.com/en-us/devlabs/dd795202.aspx}}
}

@Manual{jetlang,
  author = 	 {Mike Rettig},
  title = 	 {Jetlang Library},
  year = 	 {2008},
  note = 	 {\surl{http://code.google.com/p/jetlang/}},
}

@Manual{retlang,
  author = 	 {Mike Rettig and Graham Nash},
  title = 	 {Retlang},
  note = 	 {\surl{http://code.google.com/p/retlang/}},
}

@Manual{javact,
  author = 	 {J.-P. Arcangeli, F. Migeon, S. Rougemaille},
  title = 	 {{J}ava{A}ct},
  note =  {\surl{http://www.javact.org/JavAct.html}},
}

@PhdThesis{aj,
  author = 	 {Wililla Zwicky},
  title = 	 {{AJ}: {A} system for building actors with {J}ava},
  school = 	 {University of Illinois at Urbana-Champaign},
  year = 	 {2008},
}

@TechReport{ptolemy_ii:lee,
  author = 	 {Edward A. Lee },
  title = 	 {{O}verview of the {P}tolemy {P}roject},
  institution =  {University of California, Berkeley},
  year = 	 {2003},
  note = 	 {Technical Memorandum No. UCB/ERL M03/25},
}

@incollection {stm_locking_ii:shavit,
   author = {Dice, Dave and Shalev, Ori and Shavit, Nir},
   affiliation = {Sun Microsystems Laboratories, 1 Network Drive, Burlington MA 01803-0903  },
   title = {Transactional Locking II},
   booktitle = {Distributed Computing},
   series = {Lecture Notes in Computer Science},
   publisher = {Springer Berlin / Heidelberg},
   pages = {194-208},
   volume = {4167},
   year = {2006}
}

@inproceedings{stm_impl:Harris,
 author = {Harris, Tim and Fraser, Keir},
 title = {Language support for lightweight transactions},
 booktitle = {Proceedings of the 18th annual ACM SIGPLAN conference on Object-oriented programing, systems, languages, and applications},
 series = {OOPSLA '03},
 year = {2003},
 pages = {388--402},
 numpages = {15},
 publisher = {ACM},
}

@Manual{intel_stm,
  author = {Intel Corporation},
  title = 	 {Intel® C++ STM Compiler, Prototype Edition 3.0},
  note = {\surl{http://software.intel.com/en-us/articles/intel-c-stm-compiler-prototype-edition-20/}}
}

@inproceedings{mcrt_stm:Saha,
 author = {Saha, Bratin and Adl-Tabatabai, Ali-Reza and Hudson, Richard L. and Minh, Chi Cao and Hertzberg, Benjamin},
 title = {McRT-STM: a high performance software transactional memory system for a multi-core runtime},
 booktitle = {Proceedings of the eleventh ACM SIGPLAN symposium on Principles and practice of parallel programming},
 series = {PPoPP '06},
 year = {2006},
 pages = {187--197},
 numpages = {11},
 publisher = {ACM},
}

@Manual{stm_ibm_xl,
  author = {IBM Corporation},
  title = 	 {XL for Software Transactional Memory},
  note = {\surl{http://www-01.ibm.com/software/awdtools/xlcpp/}}
}

@article{stm_Adl-Tabatabai,
 author = {Adl-Tabatabai, Ali-Reza and Kozyrakis, Christos and Saha, Bratin},
 title = {Unlocking Concurrency},
 journal = {Queue},
 volume = {4},
 issue = {10},
 month = {December},
 year = {2006},
 pages = {24--33},
 numpages = {10},
 publisher = {ACM},
}
 
@InProceedings{stm_rstm_marathe,
  author = 	 {Vriendra J. Marathe and Michael F. Spear and Christopher Heriot and Athul Acharya and David Esienstat and William N. Scherer III and Michael L. Scot},
  title = 	 {Lowering the overhead of nonblocking software transactional memory},
  booktitle = {Proceedings ACM SIGPLAN},
  series = {TRANSACT '01},
  year = {2006},
  publisher = {ACM}
}

@inproceedings{stm_dstm:Herlihy,
 author = {Herlihy, Maurice and Luchangco, Victor and Moir, Mark and Scherer,III, William N.},
 title = {Software transactional memory for dynamic-sized data structures},
 booktitle = {Proceedings of the twenty-second annual symposium on Principles of distributed computing},
 series = {PODC '03},
 year = {2003},
 pages = {92--101},
 numpages = {10},
 publisher = {ACM},
}

@article{stm_ostm:Fraser,
 author = {Fraser, Keir and Harris, Tim},
 title = {Concurrent programming without locks},
 journal = {ACM Trans. Comput. Syst.},
 volume = {25},
 issue = {2},
 month = {May},
 year = {2007},
 articleno = {5},
 publisher = {ACM},
}

@inproceedings{stm_obs_free:Herlihy,
  author = 	 {Herlihy, M. and   Luchangco, V. and   Moir, M.},
  title = 	 {Obstruction-free synchronization: double-ended queues as an example},
  booktitle = {Distributed Computing Systems},
  year = {2003},
  month = {May},
  pages = {522--529},
  numpages = {8},
  publisher = {IEEE}  
}

@Manual{dataflow_prog:wiki,
  title = 	 {{D}ata {F}low {P}rogramming},
  note = {\surl{http://en.wikipedia.org/wiki/Dataflow_programming}}
}

@Book{flow_prog:wiki,
  title = 	 {Flow based programming: {A} new approach to application development},
  publisher = 	 {{V}an {N}ostrand {R}einhold},
  year = 	 {1994},
  author = {{JP} {M}orrison}
}

@inproceedings{mapreduce_ml:cheng,
    author = {Chu, Cheng T. and Kim, Sang K. and Lin, Yi A. and Yu, Yuanyuan and Bradski, Gary R. and Ng, Andrew Y. and Olukotun, Kunle},
    title = {Map-Reduce for Machine Learning on Multicore},
    booktitle = {NIPS},
    year = {2006},
    pages = {281--288},
    publisher = {MIT Press},
}

@inproceedings{mapreduce_mcp:ranger,
 author = {Ranger, Colby and Raghuraman, Ramanan and Penmetsa, Arun and Bradski, Gary and Kozyrakis, Christos},
 title = {Evaluating MapReduce for Multi-core and Multiprocessor Systems},
 booktitle = {Proceedings of the 2007 IEEE 13th International Symposium on High Performance Computer Architecture},
 year = {2007},
 pages = {13--24},
 numpages = {12},
 publisher = {IEEE Computer Society},
}

@Manual{creol:web,
  title = 	 {Creol Home Page},
  note = {\surl{http://heim.ifi.uio.no/~creol/}}
}

@Book{mpd:andrews,
  author = 	 {Andrews, G.R.},
  title = 	 {Foundations of {M}ultithreaded, {P}arallel, and {D}istributed {P}rogramming},
  publisher = 	 {Addison-Wesley},
  year = 	 {2000},
}

@Manual{creol_overview:blanchette,
  title = 	 {{O}verview of {C}reol {L}anguage},
  author = {Jasmin Christian Blanchette},
  month = {May},
  year = {2007},
  institution = {Department of Informatics, Univerity of Oslo}
}

@inproceedings{survey_mcp:philippsen,
 author = {Michael Philippsen},
 title = {A survey of concurrent object-oriented languages},
 booktitle = {Concurrency: Practice and Experience},
 year = {2000},
 pages = {917--980},
 publisher = {John Wiley},
}

@inproceedings{dpj,
 author = {Bocchino,Jr., Robert L. and Adve, Vikram S. and Adve, Sarita V. and Snir, Marc},
 title = {Parallel programming must be deterministic by default},
 booktitle = {Proceedings of the First USENIX conference on Hot topics in parallelism},
 series = {HotPar'09},
 year = {2009},
 location = {Berkeley, California},
 pages = {4--4},
 numpages = {1},
 acmid = {1855595},
 publisher = {USENIX Association},
}

@Misc{hakell_web,
  title = {Haskell},
  note = {\surl{http://www.haskell.org/}}
}

@Manual{haskell_pres:stewart,
  title = 	 {Multicore {H}askell {N}ow!},
  year = {DEFUN 2009},
  note = {\surl{http://donsbot.wordpress.com/2009/09/05/defun-2009-multicore-programming-in-haskell-now/}}
}

@Manual{con_haskell:wiki,
  title = 	 {{C}oncurrent {H}askell},
  note = {\surl{http://en.wikipedia.org/wiki/Concurrent_Haskell}}
}

@InBook{rw_haskell:stewart,
  author = {Bryan O'Sullivan and John Goerzen and Donald Bruce Stewart},
  title = 	 {{R}eal {W}orld {H}askell},
  chapter = 	 {(24) Concurrent and multicore programming},
  publisher = 	 {O'Reilly},
  year = 	 {2008},
}

@inproceedings{clojure_concurrent:web,
 author = {Hickey, Rich},
 title = {The Clojure programming language},
 booktitle = {Proceedings of the 2008 symposium on Dynamic languages},
 series = {DLS '08},
 year = {2008},
 pages = {1:1--1:1},
 articleno = {1},
 numpages = {1},
 publisher = {ACM},
} 



@Misc{concurrent_lang_list:wiki,
	author = {Wikipedia},
	title = {Concurrent programming languages},
	note = {\surl{http://en.wikipedia.org/wiki/Concurrent_programming#Concurrent_programming_languages}}
}

@book{herlihy_art_2008,
	title = {The art of multiprocessor programming},
	isbn = {9780123705914},
	publisher = {Morgan Kaufmann},
	author = {Maurice Herlihy and Nir Shavit},
	year = {2008}
}

﻿
@misc{wiki_multi-core,
	title = {Multi-core processor - Wikipedia},
	url = {\surl{http://en.wikipedia.org/wiki/Multi-core_processor}},
	note = {{http://en.wikipedia.org/wiki/Multi-core\_processor}}
}

@misc{wiki_parallel_programming,
	title = {Parallel computing - Wikipedia, the free encyclopedia},
	url = {\surl{http://en.wikipedia.org/wiki/Parallel_programming}},
	note = {{http://en.wikipedia.org/wiki/Parallel\_programming}}
}

@TechReport{mcp_report_1,
  author = 	 {B. Nobakht},
  title = 	 {Multicore programming, {O}verview of {R}ecent {R}esearch, {R}eport 1},
  institution =  {LIACS, Leiden University},
  year = 	 {2010},
}

@article{lee_are_2007,
	title = {Are new languages necessary for multicore?},
	author = {Edward A Lee and Chair Of Eecs},
	year = {2007},
}

@book{goetz_java_2006,
	title = {Java Concurrency in Practice},
	isbn = {0321349601},
	publisher = {{Addison-Wesley} Professional},
	author = {Brian Goetz and Tim Peierls and Joshua Bloch and Joseph Bowbeer and David Holmes and Doug Lea},
	month = {May},
	year = {2006},
}

@misc{java_6_api,
	title = {Java Platform {SE} 6 {API} Documentation},
	url = {\surl{http://download.oracle.com/javase/6/docs/api/index.html}},
	note = {http://download.oracle.com/javase/6/docs/api/index.html}
}


@book{scala_programming_2009,
	edition = {1},
	title = {Programming Scala: Tackle {Multi-Core} Complexity on the Java Virtual Machine},
	isbn = {{193435631X}},
	shorttitle = {Programming Scala},
	publisher = {Pragmatic Bookshelf},
	author = {Venkat Subramaniam},
	month = jul,
	year = {2009},
}

@Manual{akka:homepage,
	title = {{A}kka},
	author = {TypeSafe},
	note = {\surl{http://akka.io/}},
	year = {2010}
}

@Manual{jsr1,
	title = {{RTSJ} v1 {JSR 1}},
	author = {JCP},
	note = {\surl{http://jcp.org/en/jsr/detail?id=1}},
	year = {1998}
}

@Manual{jsr282,
	title = {{RTSJ} v1.1 {JSR 282}},
	author = {JCP},
	note = {\surl{http://jcp.org/en/jsr/detail?id=282}},
	year = {2005}
}

@Manual{rtsj_gc,
	title = {Garbage Collection and the {S}un {J}ava {R}eal-{T}ime System ({J}ava {RTS})},
	author = {Brian Goetz},
	note = {\surl{http://java.sun.com/developer/technicalArticles/Programming/rt_pt2/}},
	year = {2008}
}

@InBook{javapp_2001,
  title = {Java {P}latforms {P}erformance: {S}trategies and {T}actics},
  author = {Steve Wilson and Jeff Kesselman},
  note = {\surl{http://java.sun.com/docs/books/performance/1st_edition/html/JPTitle.fm.html}},
  year = {2001}
}

@misc{multiverse_homepage,
	title = {{M}ultiverse: {S}oftware {T}ransactional {M}emory for {J}ava},
	url = {\surl{http://multiverse.codehaus.org/overview.html}},
	note = {http://multiverse.codehaus.org/overview.html}
}

@misc{wiki_green_threads,
	title = {Green threads - {W}ikipedia, the free encyclopedia},
	url = {\surl{http://en.wikipedia.org/wiki/Green_threads}},
	note = {\surl{http://en.wikipedia.org/wiki/Green\_threads}}
}

﻿
@misc{wiki_jni,
	title = {{J}ava {N}ative {I}nterface - {W}ikipedia, the free encyclopedia},
	url = {\surl{http://en.wikipedia.org/wiki/Java_Native_Interface}},
	note = {\surl{http://en.wikipedia.org/wiki/Java\_Native\_Interface}}
}

@misc{wiki_pthreads,
	title = {{POSIX} {T}hreads - {W}ikipedia, the free encyclopedia},
	url = {\surl{http://en.wikipedia.org/wiki/POSIX_Threads}},
	note = {\surl{http://en.wikipedia.org/wiki/POSIX\_Threads}}
}

@misc{wiki_nptl,
	title = {{N}ative {POSIX} {T}hread {L}ibrary - {W}ikipedia, the free encyclopedia},
	url = {\surl{http://en.wikipedia.org/wiki/Native_POSIX_Thread_Library}},
	note = {\surl{http://en.wikipedia.org/wiki/Native\_POSIX\_Thread\_Library}}
}

@misc{wiki_thread,
	title = {{T}hread - {W}ikipedia, the free encyclopedia},
	url = {\surl{http://en.wikipedia.org/wiki/Thread_(computer_science)}},
	howpublished = {\surl{http://en.wikipedia.org/wiki/Thread\_(computer\_science)}}
}

@misc{jvstm,
	title = {{JVSTM}},
	url = {\surl{http://web.ist.utl.pt/~joao.cachopo/jvstm/}},
	howpublished = {\surl{http://web.ist.utl.pt/~joao.cachopo/jvstm/}}
}

@misc{jsr166,
	title = {{JSR} 166: {Java} concurrency utilities},
	url = {\surl{http://www.jcp.org/jsr/detail/166.jsp}},
	howpublished = {\surl{http://www.jcp.org/jsr/detail/166.jsp}}
}

@misc{java7,
	title = {{J}ava 7},
	url = {\surl{https://jdk7.dev.java.net/}},
	howpublished = {\surl{https://jdk7.dev.java.net/}}
}

@misc{hadoop,
	title = {{H}adoop},
	url = {\surl{http://hadoop.apache.org/}},
	howpublished = {\surl{http://hadoop.apache.org/}}
}

@misc{hadoop_mapreduce,
	title = {{H}adoop {M}ap{R}educe},
	url = {\surl{http://hadoop.apache.org/mapreduce/}},
	howpublished = {\surl{http://hadoop.apache.org/mapreduce/}}
}

@misc{theron,
	title = {{T}heron},
	url = {\surl{http://theron.ashtonmason.net/index.php}},
	howpublished = {\surl{http://theron.ashtonmason.net/index.php}}
}

@misc{wiki:actors:impl,
	title = {{W}ikiepadia: {P}rogramming with actors},
	url = {\surl{http://en.wikipedia.org/wiki/Actor_model#Programming_with_Actors}},
	howpublished = {\surl{http://en.wikipedia.org/wiki/Actor_model#Programming_with_Actors}}
}

@misc{wiki:stm:impl,
	title = {{W}ikiepadia: {STM} implementations},
	url = {\surl{http://en.wikipedia.org/wiki/Software_transactional_memory#Implementations}},
	howpublished = {\surl{http://en.wikipedia.org/wiki/Software_transactional_memory#Implementations}}
}

@misc{stackless_python,
	title = {{S}tackless {P}ython},
	url = {\surl{http://www.stackless.com/}},
	howpublished = {\surl{http://www.stackless.com/}}
}

@misc{intel_cpp_stm_v4,
	title = {{I}ntel {C}++ {STM} {C}ompiler},
	url = {\surl{http://software.intel.com/en-us/articles/intel-c-stm-compiler-prototype-edition/}},
	howpublished = {\surl{http://software.intel.com/en-us/articles/intel-c-stm-compiler-prototype-edition/}}
}

@misc{tboost.stm,
	title = {{TB}oost.{STM}},
	url = {\surl{http://eces.colorado.edu/~gottschl/tboostSTM/index.html}},
	howpublished = {\surl{http://eces.colorado.edu/~gottschl/tboostSTM/index.html}}
}

@misc{python.3.2,
	title = {{P}ython 3.2 {F}utures and {E}xecutors},
	url = {\surl{http://www.python.org/dev/peps/pep-3148/}},
	howpublished = {\surl{http://www.python.org/dev/peps/pep-3148/}}
}

@misc{durus,
	title = {Durus},
	url = {\surl{http://www.mems-exchange.org/software/durus/}},
	howpublished = {\surl{http://www.mems-exchange.org/software/durus/}}
}

@misc{disco,
	title = {Disco},
	url = {\surl{http://discoproject.org/}},
	howpublished = {\surl{http://discoproject.org/}}
}

@misc{antlr,
	title = {ANTLR},
	url = {\surl{http://antlr.org/}},
	howpublished = {\surl{http://antlr.org/}},
	author = {Terence Parr}
}

@incollection {jaghoori:dating,
   author = {Frank S. de Boer and Mohammad Mahdi Jaghoori and Einar Broch Johnsen},
   title = {Dating Concurrent Objects: Real-Time Modeling and Schedulability Analysis},
   booktitle = {CONCUR 2010},
   pages = {1-18},
   volume = {6269},
   year = {2010}
}

@inproceedings{JaghooriMS06,
  author    = {Mohammad Mahdi Jaghoori and
               Ali Movaghar and
               Marjan Sirjani},
  title     = {Modere: the model-checking engine of {Rebeca}},
  pages     = {1810-1815},
  booktitle     = {Proc. 21st ACM Symposium on Applied Computing},
  year      = {2006},
}


@InProceedings{yu06fmoods,
  author =	 {Ingrid Chieh Yu and Einar Broch Johnsen and Olaf Owe},
  title =	 {Type-Safe Runtime Class Upgrades in {C}reol},
  booktitle =	 {Proc.  {FMOODS}'06},
  series =	 {LNCS},
  volume =	 4037,
  publisher =	 {Springer-Verlag},
  pages =	 {202--217},
  month =	 jun,
  year =	 2006,
}

@Unpublished{erlang_scheduling,
  author = 	 {K Lundin},
  title = 	 {Inside the {E}rlang {VM}, focusing on {SMP}},
  note = 	 {{Presented at Erlang User Conference. Available at \surl{http://www.erlang.se/euc/08/euc_smp.pdf}}},
  month = 	 {November 13,},
  year = 	 {2008},
}

@article{crisp-sac,
    author    = {Behrooz Nobakht and Frank S. de Boer and Mohammad Mahdi Jaghoori and Rudolf Schlatte},
    title     = {Programming and Deployment of Active Objects with application-Level Scheduling},
    year      = {2012},
    note     = {ACM SAC},
}

@article {joakim_userdefsched,
   author = {Bjork, Joakim and de Boer, Frank and Johnsen, Einar and Schlatte, Rudolf and Tapia Tarifa, S.},
   affiliation = {University of Oslo, Oslo, Norway},
   title = {User-defined schedulers for real-time concurrent objects},
   journal = {Innovations in Systems and Software Engineering},
   publisher = {Springer London},
   issn = {1614-5046},
   keyword = {Computer Science},
   pages = {1-15},
   url = {http://dx.doi.org/10.1007/s11334-012-0184-5},
   note = {10.1007/s11334-012-0184-5}
}

@article{zerzel_rtsj,
 author = {Zerzelidis, Alexandros and Wellings, Andy},
 title = {A framework for flexible scheduling in the {RTSJ}},
 journal = {ACM Trans. Embed. Comput. Syst.},
 issue_date = {August 2010},
 volume = {10},
 number = {1},
 year = {2010},
 issn = {1539-9087},
 pages = {3:1--3:44},
 articleno = {3},
 numpages = {44},
 publisher = {ACM},
 address = {New York, NY, USA},
} 

@inproceedings{gifford_reftrans,
 author = {Gifford, David K. and Lucassen, John M.},
 title = {Integrating functional and imperative programming},
 booktitle = {Proceedings of the 1986 ACM conference on LISP and functional programming},
 series = {LFP '86},
 year = {1986},
 isbn = {0-89791-200-4},
 location = {Cambridge, Massachusetts, United States},
 pages = {28--38},
 numpages = {11},
 publisher = {ACM},
 address = {New York, NY, USA},
} 

@article {strachey_reftrans,
   author = {Strachey, Christopher},
   title = {Fundamental Concepts in Programming Languages},
   journal = {Higher-Order and Symbolic Computation},
   publisher = {Springer Netherlands},
   issn = {1388-3690},
   keyword = {Computer Science},
   pages = {11-49},
   volume = {13},
   issue = {1},
   year = {2000}
}

@inproceedings{maia_rtsj_11,
 author = {Maia, Cl\'{a}udio and Nogueira, Lu\'{\i}s and Pinho, Lu\'{\i}s Miguel},
 title = {Combining RTSJ with Fork/Join: a priority-based model},
 booktitle = {Proceedings of the 9th International Workshop on Java Technologies for Real-Time and Embedded Systems},
 series = {JTRES '11},
 year = {2011},
 isbn = {978-1-4503-0731-4},
 location = {York, United Kingdom},
 pages = {82--86},
 numpages = {5},
 publisher = {ACM},
 address = {New York, NY, USA},
} 

@article {corba:realtime:sched:2001,
   author = {Gill, Christopher D. and Levine, David L. and Schmidt, Douglas C.},
   title = {The Design and Performance of a Real-Time CORBA Scheduling Service},
   journal = {Real-Time Systems},
   publisher = {Springer Netherlands},
   issn = {0922-6443},
   keyword = {Computer Science},
   pages = {117-154},
   volume = {20},
   issue = {2},
   url = {http://dx.doi.org/10.1023/A:1008137720322},
   note = {10.1023/A:1008137720322},
   year = {2001}
}

@article{plotkin:sos,
	title = "The origins of structural operational semantics",
	journal = "The Journal of Logic and Algebraic Programming",
	volume = "60-61",
	number = "0",
	pages = "3-15",
	year = "2004",
	author = "Gordon D Plotkin",
}

@article{creol:einar:olaf,
year={2007},
journal={Software and Systems Modeling},
volume={6},
issue={1},
title={An Asynchronous Communication Model for Distributed Concurrent Objects},
publisher={Springer-Verlag},
author={Johnsen, EinarBroch and Owe, Olaf},
pages={39-58},
}

@incollection{einar:fault:future,
year={2011},
booktitle={Coordination Models and Languages},
volume={6721},
series={Lecture Notes in Computer Science},
title={Fault in the Future},
author={Broch Johnsen, Einar and Lanese, Ivan and Zavattaro, Gianluigi},
pages={1-15}
}

@Article{einar:rt:sched:co,
  author =	 {Joakim Bj{\o}rk and Frank S. de Boer and Einar Broch Johnsen and Rudolf Schlatte and S. Lizeth {Tapia Tarifa}},
  title =	 {User-defined Schedulers for Real-Time Concurrent Objects},
  journal =	 {Innovations in Systems and Software Engineering},
  year =	 {2012}
}

@incollection{abs:2012,
year={2012},
booktitle={Formal Methods for Components and Objects},
volume={6957},
series={Lecture Notes in Computer Science},
title={{ABS}: A Core Language for Abstract Behavioral Specification},
publisher={Springer Berlin Heidelberg},
author={Johnsen, Einar Broch and Hähnle, Reiner and Schäfer, Jan and Schlatte, Rudolf and Steffen, Martin},
pages={142-164}
}

@inproceedings{JaghooriHS11,
  author    = {Mohammad Mahdi Jaghoori and
               {\'O}lafur Hlynsson and
               Marjan Sirjani},
  title     = {Networks of Real-Time Actors},
  booktitle = {FACS},
  year      = {2011},
  pages     = {168-186},
}

@inproceedings{ACIHHS11,
  author    = {L. Aceto and
               M. Cimini and
               A. Ing{\'o}lfsd{\'o}ttir and
               A. H. Reynisson and
               S. H. Sigurdarson and
               M.  Sirjani},
  title     = {{Modelling and Simulation of Asynchronous Real-Time Systems using Timed Rebeca}},
  booktitle = {FOCLASA},
  year      = {2011},
  pages     = {1-19}
}

@INPROCEEDINGS{Nielsen96r,
    author = {Brian Nielsen and Gul Agha},
    title = {{Semantics for an Actor-Based Real-Time Language}},
    booktitle = {In Fourth International Workshop on Parallel and Distributed Real-Time Systems},
    year = {1996}
}

@inproceedings{BoerCJ07,
  author    = {Frank S. de Boer and
               Dave Clarke and
               Einar Broch Johnsen},
  title     = {A Complete Guide to the Future},
  booktitle = {ESOP},
  year      = {2007},
  pages     = {316-330},
}

@incollection{sched:elena,
year={2003},
volume={2619},
series={Lecture Notes in Computer Science},
title={Schedulability Analysis Using Two Clocks},
publisher={Springer Berlin Heidelberg},
author={Fersman, Elena and Mokrushin, Leonid and Pettersson, Paul and Yi, Wang},
pages={224-239}
}

@article{ptolemy:lee,
author={Eker, J. and Janneck, J.W. and Lee, E.A. and Jie Liu and Xiaojun Liu and Ludvig, J. and Neuendorffer, S. and Sachs, S. and Yuhong Xiong},
journal={Proceedings of the IEEE}, 
title={Taming heterogeneity - the Ptolemy approach},
volume={91},
number={1},
pages={127-144},
}

@article{actor:lee,
author = {Lee, Edward A. and Neuendorffer, Stephen and Wirthlin, Michael J.},
title = {Actor-Oriented Design of Embedded Hardware and Software Systems},
journal = {Journal of Circuits, Systems and Computers},
volume = {12},
number = {03},
pages = {231-260},
year = {2003},
}


