% -*- root: paper-esocc.tex -*-

@STRING{lncs = "Lecture Notes in Computer Science"}
@STRING{sv = "Springer"}
@STRING{tcs = "Theoretical Computer Science"}
@STRING{toplas = "Transactions on Programming Languages and Systems"}
@STRING{mit = "The {MIT} Press"}  

@Book{agha86book,
  author =	 "Gul A. Agha",
  title =	 {{ACTORS}: {A} Model of Concurrent Computations in Distributed Systems},
  publisher =	 mit,
  address =	 camb,
  year =	 1986,
}

@Book{pierce02book,
  key =		 "Pierce",
  author =	 "Benjamin C. Pierce",
  title =	 {Types and Programming Languages},
  publisher =	 mit,
  year =	 2002,
}


@manual {jls7:method:invoc,
  author = {Oracle},
  title = {{Java 7 Language Specification, Method Invocation Expressions}},
  organization = {Oracle},
  note = {\url{http://docs.oracle.com/javase/specs/jls/se7/html/jls-15.html#jls-15.12}},
  year = 2011,
  month = {July}
}

@manual {jls8,
  author = {Mark Reinhold},
  title = {{JSR 337: Java 8 Language Specification}},
  organization = {Oracle},
  note = {\url{http://download.oracle.com/otndocs/jcp/java_se-8-pfd-spec/index.html}},
  year = 2014
}

@manual {fantom,
  author = {Brian Frank and Andy Frank},
  title = {{Fantom Programming Language}},
  organization = {Fantom},
  note = {\url{http://fantom.org}}
}

@manual {asm,
  author = {ObjectWeb},
  title = {{ASM}},
  organization = {ObjectWeb},
  note = {\url{http://asm.ow2.org/}}
}

@manual {javassist,
  author = {Shigeru Chiba},
	title = {{Javassist}},
  organization = {JBoss},
	note = {\url{http://www.jboss.org/javassist/}}
}

@manual {jsr335,
	title = {{JSR 335, Lambda Expressions for the Java Programming Language}},
  author = {Goetz, Brian},
  organization = {Oracle},
  note = {\url{http://jcp.org/en/jsr/detail?id=335}},
  month = {March},
  year = 2013
}

@manual {jsr335:fi,
  title = {{JSR 335, Functional Interfaces}},
  author = {Smith, Dan},
  organization = {Oracle},
  note = {\url{http://cr.openjdk.java.net/~dlsmith/jsr335-0.6.2.html#A}},
  month = {March},
  year = 2013
}

@manual {akka,
  title = {{Akka}},
  author = {Typesafe},
  organization = {Typesafe},
  note = {\url{http://akka.io/}}
}

@manual{jsr335:lambda:translation,
  title = {{Lambda Expression Translation in Java 8}},
  author = {Goetz, Brian},
  organization = {Oracle},
  note = {\url{http://cr.openjdk.java.net/~briangoetz/lambda/lambda-translation.html}},
  month = {March},
  year = 2013
}

@manual{lambda:perf,
  title = {{Lambda: A Peek Under The Hood}},
  author = {Goetz, Brian},
  organization = {Oracle},
  note = {JAX London},
  year = 2012
}

@manual{jsr292:invokedyn,
  title = {{JSR 292: Supporting Dynamically Typed Languages on the JavaTM Platform}},
  author = {Rose, John},
  organization = {Oracle},
  note = {\url{http://jcp.org/en/jsr/detail?id=292}},
  month = {July},
  year = 2011
}

@manual {asio,
  author = {Christopher M. Kohlhoff},
  title = {Asio},
  organization = {{Think Async}},
  note = {\url{http://think-async.com/Asio}}
}

@manual {asio:boost,
  author = {Beman Dawes, David Abrahams},
  title = {Boost},
  organization = {{Boost Software}},
  note = {\url{http://www.boost.org/doc/libs/1_54_0/doc/html/boost_asio.html}}
}

@manual {fj,
  author = {Tony Morris},
  title = {{Functional Java}},
  organization = {{Functional Java}},
  note = {\url{http://functionaljava.org/}}
}

@manual {elixir,
  author = {Jose Valim},
  title = {{Elixir}},
  organization = {{Elixir}},
  note = {\url{http://elixir-lang.org/}}
}

@manual {jsr166,
  author = {Doug Lea},
  title = {{JSR 166: Concurrency Utilities}},
  organization = {{Sun Microsystems, Inc.}},
  note = {\url{http://jcp.org/en/jsr/detail?id=166}},
  month = {September},
  year = 2004
}

@manual {jsr236,
  author = {Anthony Lai},
  title = {{JSR 236: Concurrency Utilities for Java EE}},
  organization = {{Oracle}},
  note = {\url{http://jcp.org/en/jsr/detail?id=236}},
  month = {May},
  year = 2013
}

@manual {clojure,
  author = {Rich Hickey},
  title = {{Clojure}},
  organization = {{Clojure}},
  note = {\url{http://clojure.org}}
}

@manual {tiobe,
  author = {TIOBE},
  organization = {{TIOBE Software BV}},
  title = {{TIOBE Programming Languages Index}},
  note = {\url{http://www.tiobe.com/index.php/content/paperinfo/tpci/index.html}},
  year = 2013,
  month = June
}

@manual {langpop,
  author = {David Welton},
  organization = {{DedaSys LLC}},
  title = {{Programming Language Popularity}},
  note = {\url{http://www.langpop.com/}},
  year = 2011
}

@manual {rxjava,
  author = {Ben Christensen},
  organization = {{Netflix}},
  title = {{RxJava: Reactive Functional Progamming in Java}},
  note = {\url{http://github.com/Netflix/RxJava/wiki}}
}

@manual {jmh,
  author = {Aleksey Shipilev},
  organization = {{Oracle}},
  title = {{JMH: Java Microbenchmark Harness}},
  note = {\url{http://openjdk.java.net/projects/code-tools/jmh/}}
}

@manual {rx,
  author = {Microsoft},
  organization = {{Microsoft}},
  title = {{Reactive Extensions}},
  note = {\url{https://rx.codeplex.com/}}
}

@manual {lmax,
  author = {Michael Baker and Martin Thompson},
  organization = {{LMAX Exchange}},
  title = {{LMAX Disruptor}},
  note = {\url{http://github.com/LMAX-Exchange/disruptor}}
}

@manual {lmax:mf,
  author = {Martin Fowler},
  organization = {{Martin Fowler}},
  title = {{LMAX Architecture}},
  note = {\url{http://martinfowler.com/articles/lmax.html}},
  month = {July},
  year = 2011
}

@article{church,
  title={Some properties of conversion},
  author={Church, Alonzo and Rosser, J Barkley},
  journal={{Transactions of the American Mathematical Society}},
  volume={39},
  number={3},
  pages={472--482},
  year={1936},
  publisher={JSTOR}
}

@Article{igarashi:fj01,
  author =       "A.~Igarashi and B.C.~Pierce and P.~Wadler",
  title =        "Featherweight {Java}: a minimal core calculus for
                 {Java} and {GJ}",
  journal =      toplas,
  volume =       23,
  number =       3,
  pages =        "396--450",
  year =         2001,
}

@article{igarashi:fj,
  title={Featherweight {J}ava: A minimal core calculus for {J}ava and {GJ}},
  author={Igarashi, Atshushi and Pierce, Benjamin and Wadler, Philip},
  journal={{ACM SIGPLAN Notices}},
  volume={34},
  number={10},
  pages={132--146},
  year={1999},
  publisher={ACM}
}

@article{kamareddine:reduction,
  title={{Calculi of Generalised $\beta$-Reduction and Explicit Substitutions: The Type-Free and Simply Typed Versions}},
  author={Kamareddine, Fairouz and Rios, Alejandro and Wells, JB},
  year={1998},
  publisher={Citeseer}
}

@article{plotkin:sos,
  title = "The origins of structural operational semantics",
  journal = "The Journal of Logic and Algebraic Programming",
  volume = "60-61",
  number = "0",
  pages = "3-15",
  year = "2004",
  author = "Gordon D Plotkin",
}

@inproceedings{Agha90,
	Author = {Agha, Gul},
	Booktitle = {Proc. the REX Workshop},
	Date-Added = {2009-11-12 16:19:31 +0100},
	Date-Modified = {2009-11-12 16:19:31 +0100},
	Pages = {1-59},
	Title = {{The Structure and Semantics of Actor Languages}},
	Year = {1990}}

@article{Agha97,
	Author = {Agha, G. and Mason, I. and Smith, S. and Talcott, C.},
	Date-Added = {2009-11-12 16:19:31 +0100},
	Date-Modified = {2009-11-12 16:19:31 +0100},
	Journal = {Journal of Functional Programming},
	Pages = {1-72},
	Title = {{A Foundation for Actor Computation}},
	Volume = {7},
	Year = {1997}}
	
@inproceedings{Hewitt69,
	Author = {Carl Hewitt},
	Bibsource = {DBLP, http://dblp.uni-trier.de},
	Booktitle = {Proc. the 2nd International Joint Conference on Artificial Intelligence},
	Date-Added = {2009-11-12 16:19:31 +0100},
	Date-Modified = {2009-11-12 16:19:31 +0100},
	Pages = {167-184},
	Title = {{Procedural Embedding of knowledge in Planner}},
	Year = {1971}}
	
@inproceedings{Hewitt07-commitment,
	Author = {Carl Hewitt},
	Booktitle = {Proc. Coordination, Organizations, Institutions, and Norms in Agent Systems II},
	Date-Added = {2009-11-12 16:19:31 +0100},
	Date-Modified = {2009-11-12 16:19:31 +0100},
	Editors = {Pablo Noriega et. al.},
	Pages = {293--307},
	Publisher = {Springer},
	Series = {LNCS Series},
	Title = {{What Is Commitment? Physical, Organizational, and Social (Revised)}},
	Vol = {4386},
	Year = 2007}
	
@article{LeeACtorEmbedded03,
	Author = {Edward A. Lee and Stephen Neuendorffer and Michael J. Wirthlin},
	Date-Added = {2009-10-29 14:00:32 +0100},
	Date-Modified = {2009-10-29 14:00:32 +0100},
	Journal = {Journal of Circuits, Systems, and Computers},
	Number = {3},
	Pages = {231--260},
	Title = {{Actor-Oriented Design of Embedded Hardware and Software Systems}},
	Volume = {12},
	Year = 2003}
	
@article{LeeLN09,
  author    = {Edward A. Lee and
               Xiaojun Liu and
               Stephen Neuendorffer},
  title     = {{Classes and inheritance in actor-oriented design}},
  journal   = {ACM Transactions in Embedded Computing Systems},
  volume    = {8},
  number    = {4},
  year      = {2009},
  bibsource = {DBLP, http://dblp.uni-trier.de}
}

@inproceedings{CheongSensor05,
	Author = {Elaine Cheong and Edward A. Lee and Yang Zhao},
	Booktitle = {Proc. Embedded net. sensor sys., SenSys 2005},
	Date-Added = {2009-10-29 14:00:32 +0100},
	Date-Modified = {2009-10-29 14:00:32 +0100},
	Pages = {302--302},
	Title = {{Viptos: a graphical development and simulation environment for tinyOS-based wireless sensor networks}},
	Year = {2005}}

	
@inproceedings{KarmaniSA09,
  author    = {Rajesh K. Karmani and
               Amin Shali and
               Gul Agha},
  title     = {{Actor frameworks for the JVM platform: a comparative analysis}},
  pages     = {11-20},
  booktitle     = {Proc. Principles and Practice of Prog. in Java (PPPJ'09)},
  publisher = {ACM},
  year      = {2009},
  isbn      = {978-1-60558-598-7},
  bibsource = {DBLP, http://dblp.uni-trier.de}
}

@inproceedings{Chang:DAIS07,
	Author = {Po-Hao Chang and Gul Agha},
	Booktitle = {7th IFIP International Conference on Distributed Applications and Interoperable Systems (DAIS)},
	Date-Added = {2009-10-29 14:00:32 +0100},
	Date-Modified = {2009-10-29 14:00:32 +0100},
	Pages = {239--252},
	Title = {{Towards Context-Aware Web Applications}},
	Year = {2007}}
	
@article{Armstrong10Erlang,
  author    = {Joe Armstrong},
  title     = {Erlang},
  journal   = {Communications of ACM},
  volume    = {53},
  number    = {9},
  year      = {2010},
  pages     = {68-75},
}

@article{haller09tcs,
  author    = {Philipp Haller and
               Martin Odersky},
  title     = {{Scala Actors: Unifying thread-based and event-based programming}},
  journal   = tcs,
  volume    = {410},
  number    = {2-3},
  year      = {2009},
  pages     = {202-220},
  bibsource = {DBLP, http://dblp.uni-trier.de}
}

@article{JohnsenOY06,
  author    = {Einar Broch Johnsen and
               Olaf Owe and
               Ingrid Chieh Yu},
  title     = {{Creol: A type-safe object-oriented model for distributed concurrent systems}},
  journal   = tcs,
  volume    = {365},
  number    = {1-2},
  year      = {2006},
  pages     = {23-66},
  ee        = {http://dx.doi.org/10.1016/j.tcs.2006.07.031},
  bibsource = {DBLP, http://dblp.uni-trier.de}
}

@MISC{Maude,
    author = {{M. Clavel and F. Duran and S. Eker and P. Lincoln and N. Marti-Oliet and J. Meseguer and J. F. Quesada}},
    title = {{Maude: Specification and Programming in Rewriting Logic}},
    year = {2001}
}

@proceedings{maude-book,
  editor =	 {Manuel Clavel and Francisco Dur{\'a}n and Steven
                  Eker and Patrick Lincoln and Narciso
                  Mart\'{\i}-Oliet and Jos{\'e} Meseguer and Carolyn
                  L. Talcott},
  title =	 {{All About Maude - A High-Performance Logical Framework, How to Specify, Program and Verify Systems in Rewriting Logic}},
  booktitle =	 {All About Maude},
  publisher =	 sv,
  series =	 lncs,
  volume =	 4350,
  year =	 2007,
}

@InProceedings{deboer07esop,
  author =       {Frank S. de Boer and Dave Clarke and Einar Broch Johnsen},
  title =        {{A Complete Guide to the Future}},
  booktitle =    {Proc.\ 16th European Symposium on Programming
                  ({ESOP}'07)},
  editor =       {Rocco de Nicola},
  series =       lncs,
  volume =       4421,
  publisher =    sv,
  pages =        {316--330},
  month =        mar,
  year =         2007,
}

@inproceedings{actors_highly:Correa,
 author = {Corr\^{e}a, F\'{a}bio},
 title = {{Actors in a new ``highly parallel" world}},
 booktitle = {Proc. Warm Up Workshop for ACM/IEEE ICSE 2010},
 series = {WUP '09},
 year = {2009},
 pages = {21--24},
 numpages = {4},
 publisher = {ACM},
}

@article{buck1994ptolemy,
  title={{Ptolemy: A framework for simulating and prototyping heterogeneous systems}},
  author={Buck, Joseph T and Ha, Soonhoi and Lee, Edward A and Messerschmitt, David G},
  year={1994},
  publisher={Ablex Publishing Corporation}
}

@article{sirjani2004modeling,
  title={{Modeling and verification of reactive systems using Rebeca}},
  author={Sirjani, Marjan and Movaghar, Ali and Shali, Amin and de Boer, Frank S},
  journal={Fundamenta Informaticae},
  volume={63},
  number={4},
  pages={385--410},
  year={2004},
  publisher={IOS Press}
}

@inproceedings{haller2012integration,
  title={{On the integration of the actor model in mainstream technologies: the Scala perspective}},
  author={Haller, Philipp},
  booktitle={Proceedings of the 2nd edition on Programming systems, languages and applications based on actors, agents, and decentralized control abstractions},
  pages={1--6},
  year={2012},
  organization={ACM}
}

@incollection{srinivasan2008kilim,
  title={{Kilim: Isolation-typed actors for Java}},
  author={Srinivasan, Sriram and Mycroft, Alan},
  booktitle={ECOOP 2008--Object-Oriented Programming},
  pages={104--128},
  year={2008},
  publisher={Springer}
}

@article{varela2007salsa,
  title={{The SALSA Programming Language 1.1.2 Release Tutorial}},
  author={Varela, Carlos A and Agha, Gul and Wang, Wei-Jen and Desell, Travis and El Maghraoui, Kaoutar and LaPorte, Jason and Stephens, Abe},
  journal={Dept. of Computer Science, RPI, Tech. Rep},
  pages={07--12},
  year={2007}
}

@inproceedings{johnsen2012abs,
  title={{ABS: A core language for abstract behavioral specification}},
  author={Johnsen, Einar Broch and H{\"a}hnle, Reiner and Sch{\"a}fer, Jan and Schlatte, Rudolf and Steffen, Martin},
  booktitle={Formal Methods for Components and Objects},
  pages={142--164},
  year={2012},
  organization={Springer}
}

@inproceedings{SchaferP10,
  author    = {Jan Sch{\"a}fer and
               Arnd Poetzsch-Heffter},
  title     = {JCoBox: Generalizing Active Objects to Concurrent Components},
  booktitle = {ECOOP},
  year      = {2010},
  pages     = {275-299},
  ee        = {http://dx.doi.org/10.1007/978-3-642-14107-2_13},
}

@inproceedings{Nobakht:sched,
 author = {Nobakht, Behrooz and de Boer, Frank S. and Jaghoori, Mohammad Mahdi and Schlatte, Rudolf},
 title = {{Programming and deployment of active objects with application-level scheduling}},
 booktitle = {Proceedings of the 27th Annual ACM Symposium on Applied Computing},
 series = {SAC '12},
 year = {2012},
 pages = {1883--1888},
 numpages = {6},
 publisher = {ACM},
} 

@article{scheme,
  title={{Scheme: A interpreter for extended lambda calculus}},
  author={{Sussman, Gerald Jay and Steele Jr, Guy L}},
  journal={{Higher-Order and Symbolic Computation}},
  volume={11},
  number={4},
  pages={405--439},
  year={1998},
  publisher={Springer}
}

@article{JaghooriBCS09,
  author    = {Mohammad Mahdi Jaghoori and
               Frank S. de Boer and
               Tom Chothia and
               Marjan Sirjani},
  title     = {Schedulability of asynchronous real-time concurrent objects},
  journal   = {J. Log. Algebr. Program.},
  volume    = {78},
  number    = {5},
  year      = {2009},
  pages     = {402-416},
  ee        = {http://dx.doi.org/10.1016/j.jlap.2009.02.009},
  bibsource = {DBLP, http://dblp.uni-trier.de}
}

@inproceedings{GiachinoGLLW13,
  author    = {Elena Giachino and
               Carlo A. Grazia and
               Cosimo Laneve and
               Michael Lienhardt and
               Peter Y. H. Wong},
  title     = {Deadlock Analysis of Concurrent Objects: Theory and Practice},
  booktitle = {IFM},
  year      = {2013},
  pages     = {394-411},
  ee        = {http://dx.doi.org/10.1007/978-3-642-38613-8_27},
  bibsource = {DBLP, http://dblp.uni-trier.de}
}

@inproceedings{HahnleHJLSSW11,
  author    = {Reiner H{\"a}hnle and
               Michiel Helvensteijn and
               Einar Broch Johnsen and
               Michael Lienhardt and
               Davide Sangiorgi and
               Ina Schaefer and
               Peter Y. H. Wong},
  title     = {HATS Abstract Behavioral Specification: The Architectural
               View},
  booktitle = {FMCO},
  year      = {2011},
  pages     = {109-132},
  ee        = {http://dx.doi.org/10.1007/978-3-642-35887-6_6},
  bibsource = {DBLP, http://dblp.uni-trier.de}
}


@inproceedings{hickey2008clojure,
  title={The Clojure programming language},
  author={Hickey, Rich},
  booktitle={Proceedings of the 2008 symposium on Dynamic languages},
  pages={1},
  year={2008},
  organization={ACM}
}

@article{parr1995antlr,
  title={{ANTLR: A predicated-LL (k) parser generator}},
  author={Parr, Terence J. and Quong, Russell W.},
  journal={{Software: Practice and Experience}},
  volume={25},
  number={7},
  pages={789--810},
  year={1995},
  publisher={Wiley Online Library}
}

@manual{bg:benchmark,
  title={{Java theory and practice: Anatomy of a flawed microbenchmark}},
  author={Brian Goetz},
  year={2005},
  organization={{IBM DeveloperWorks}}
}

@inproceedings{kats2010spoofax,
  title={{The Spoofax language workbench: rules for declarative specification of languages and IDEs}},
  author={{Kats, Lennart CL and Visser, Eelco}},
  booktitle={{ACM Sigplan Notices}},
  volume={45},
  number={10},
  pages={444--463},
  year={2010},
  organization={ACM}
}

@inproceedings{volter2010language,
  title={{Language extension and composition with language workbenches}},
  author={{V{\"o}lter, Markus and Visser, Eelco}},
  booktitle={{Proceedings of the ACM international conference companion on Object oriented programming systems languages and applications companion}},
  pages={301--304},
  year={2010},
  organization={ACM}
}

@article{plaisted2013source,
  title={Source-to-Source Translation and Software Engineering},
  author={Plaisted, David A},
  year={2013}
}

@PROCEEDINGS{pppj13,
  title = {{Proc.\ 13rd International Conference on Principles and Practices of Programming on the Java platform}},
  booktitle = {Proc.\ 13rd International Conference on Principles and Practices of Programming on the Java platform},
  publisher = {ACM},
  year = {2013}
}

@article{oop:survey,
 author = {{Wirfs-Brock, Rebecca J. and Johnson, Ralph E.}},
 title = {{Surveying Current Research in Object-oriented Design}},
 journal = {Commun. ACM},
 issue_date = {Sept. 1990},
 volume = {33},
 number = {9},
 year = {1990},
 pages = {104--124},
 publisher = {ACM},
} 

@incollection{oop:patterns,
  year={1993},
  booktitle={ECOOP '93 -- Object-Oriented Programming},
  volume={707},
  series={Lecture Notes in Computer Science},
  title={{Design Patterns: Abstraction and Reuse of Object-Oriented Design}},
  publisher={Springer Berlin Heidelberg},
  author={{Gamma, Erich and Helm, Richard and Johnson, Ralph and Vlissides, John}},
  pages={406-431},
}

@ARTICLE{meyer:design,
  author={{Meyer, B.}},
  journal={Computer},
  title={{Applying ``design by contract''}},
  year={1992},
  month={Oct},
  volume={25},
  number={10},
  pages={40-51},
}

@article{inzinger:monitoring,
  title = {{Generic event-based monitoring and adaptation methodology for heterogeneous distributed systems}},
  author = {{Inzinger, Christian and Hummer, Waldemar and Satzger, Benjamin and Leitner, Philipp and Dustdar, Shahram}},
  journal = {{Software -- Practice and Experience}},
  year = {2014},
  publisher = {Springer}
}

@inproceedings{inzinger2013specification,
  title={{Specification and deployment of distributed monitoring and adaptation infrastructures}},
  author={Inzinger, Christian and Satzger, Benjamin and Hummer, Waldemar and Dustdar, Schahram},
  booktitle={Service-Oriented Computing-ICSOC 2012 Workshops},
  pages={167--178},
  year={2013},
  organization={Springer}
}

@article{keller2003wsla,
  title={{The WSLA framework: Specifying and monitoring service level agreements for web services}},
  author={Keller, Alexander and Ludwig, Heiko},
  journal={Journal of Network and Systems Management},
  volume={11},
  number={1},
  pages={57--81},
  year={2003},
  publisher={Springer}
}

@inproceedings{raimondi2008fsmsla,
  title={{Efficient online monitoring of web-service SLAs}},
  author={Raimondi, Franco and Skene, James and Emmerich, Wolfgang},
  booktitle={Proceedings of the 16th ACM SIGSOFT International Symposium on Foundations of software engineering},
  pages={170--180},
  year={2008},
  organization={ACM}
}

@incollection{mahbub2011translationsla,
  title={{Translation of SLAs into monitoring specifications}},
  author={Mahbub, Khaled and Spanoudakis, George and Tsigkritis, Theocharis},
  booktitle={Service Level Agreements for Cloud Computing},
  pages={79--101},
  year={2011},
  publisher={Springer}
}

@inproceedings{hogben2013defavail,
  title={{Mutant Apples: A Critical Examination of Cloud SLA Availability Definitions}},
  author={Hogben, Giles and Pannetrat, Alain},
  booktitle={Cloud Computing Technology and Science (CloudCom), 2013 IEEE 5th International Conference on},
  volume={1},
  pages={379--386},
  year={2013},
  organization={IEEE}
}

@inproceedings{chen2007sladecompose,
  title={{SLA} decomposition: Translating service level objectives to system level thresholds},
  author={Chen, Yuan and Iyer, Subu and Liu, Xue and Milojicic, Dejan and Sahai, Akhil},
  booktitle={Autonomic Computing, 2007. ICAC'07. Fourth International Conference on},
  pages={3--3},
  year={2007},
  organization={IEEE}
}

@inproceedings{comuzzi2009defavail,
  title={{Establishing and monitoring SLAs in complex service based systems}},
  author={Comuzzi, Marco and Kotsokalis, Constantinos and Spanoudakis, George and Yahyapour, Ramin},
  booktitle={Web Services, 2009. ICWS 2009. IEEE International Conference on},
  pages={783--790},
  year={2009},
  organization={IEEE}
}

@article{alur:1994:timedautomata,
  title={{A theory of timed automata}},
  author={Alur, Rajeev and Dill, David L},
  journal={Theoretical computer science},
  volume={126},
  number={2},
  pages={183--235},
  year={1994},
  publisher={Elsevier}
}

@article{bjork2013:rtabs,
  title={{User-defined schedulers for real-time concurrent objects}},
  author={Bj{\o}rk, Joakim and de Boer, Frank S and Johnsen, Einar Broch and Schlatte, Rudolf and Tarifa, S Lizeth Tapia},
  journal={Innovations in Systems and Software Engineering},
  volume={9},
  number={1},
  pages={29--43},
  year={2013},
  publisher={Springer}
}

@inproceedings{lorenzoli2011predicting,
  title={{Predicting Software Service Availability: Towards a Runtime Monitoring Approach.}},
  author={Lorenzoli, Davide and Spanoudakis, George},
  booktitle={ICWS},
  pages={736--737},
  year={2011}
}

@inproceedings{kearney2010sla,
  title={{SLA$\star$: An abstract syntax for Service Level Agreements}},
  author={Kearney, Keven T and Torelli, Francesco and Kotsokalis, Constantinos},
  booktitle={Grid Computing (GRID), 2010 11th IEEE/ACM International Conference on},
  pages={217--224},
  year={2010},
  organization={IEEE}
}

@article{dastjerdi2012dependency,
  title={{A dependency-aware ontology-based approach for deploying service level agreement monitoring services in Cloud}},
  author={Dastjerdi, Amir Vahid and Tabatabaei, Sayed Gholam Hassan and Buyya, Rajkumar},
  journal={Software: Practice and Experience},
  volume={42},
  number={4},
  pages={501--518},
  year={2012},
  publisher={Wiley Online Library}
}

@article{lamanna2003slang,
  title={{SLAng: a language for service level agreements}},
  author={Lamanna, D Davide and Skene, James and Emmerich, Wolfgang},
  year={2003},
  publisher={IEEE Computer Society Press}
}

@incollection{johnsen2012modeling,
  title={{Modeling resource-aware virtualized applications for the cloud in Real-Time ABS}},
  author={Johnsen, Einar Broch and Schlatte, Rudolf and Tarifa, Silvia Lizeth Tapia},
  booktitle={Formal Methods and Software Engineering},
  pages={71--86},
  year={2012},
  publisher={Springer}
}

@inproceedings{BratanisDS10,
  author    = {Konstantinos Bratanis and
               Dimitris Dranidis and
               Anthony J. H. Simons},
  title     = {{Towards Run-Time Monitoring of Web Services Conformance to Business-Level Agreements}},
  pages     = {203-206},
  editor    = {Leonardo Bottaci and
               Gordon Fraser},
  publisher = {Springer},
  volume    = {6303},
  year      = {2010},
}

@inproceedings{Logean_monitoring,
 author = {Logean, Xavier and Dietrich, Falk and Karamyan, Hayk and Koppenh\"{o}fer, Shawn},
 title = {Run-time monitoring of distributed applications},
 booktitle = {Proceedings of the IFIP International Conference on Distributed Systems Platforms and Open Distributed Processing},
 series = {Middleware '98},
 year = {1998},
 pages = {459--474},
} 

@inproceedings{coles2011cost,
  title={Cost-Sensitive Concurrent Planning Under Duration Uncertainty for Service-Level Agreements.},
  author={Coles, Andrew and Coles, Amanda Jane and Clark, Allan and Gilmore, Stephen},
  booktitle={ICAPS},
  year={2011}
}

@article{gilmore2011non,
  title={Non-functional properties in the model-driven development of service-oriented systems},
  author={Gilmore, Stephen and G{\"o}nczy, L{\'a}szl{\'o} and Koch, Nora and Mayer, Philip and Tribastone, Mirco and Varr{\'o}, D{\'a}niel},
  journal={Software \& Systems Modeling},
  volume={10},
  number={3},
  pages={287--311},
  year={2011},
  publisher={Springer}
}

@incollection{woodcock2014contracts,
  title={Contracts in {CML}},
  author={Woodcock, Jim and Cavalcanti, Ana and Fitzgerald, John and Foster, Simon and Larsen, Peter Gorm},
  booktitle={Leveraging Applications of Formal Methods, Verification and Validation. Specialized Techniques and Applications},
  pages={54--73},
  year={2014},
  publisher={Springer}
}

@inproceedings{nobakht2013future,
  title={The Future of a Missed Deadline},
  author={Nobakht, Behrooz and de Boer, Frank S and Jaghoori, Mohammad Mahdi},
  booktitle={Coordination Models and Languages},
  pages={181--195},
  year={2013},
  organization={Springer}
}

@article{fersman2007task,
  title={Task automata: Schedulability, decidability and undecidability},
  author={Fersman, Elena and Krcal, Pavel and Pettersson, Paul and Yi, Wang},
  journal={Information and Computation},
  volume={205},
  number={8},
  pages={1149--1172},
  year={2007},
  publisher={Elsevier}
}

@incollection{jaghoori2012composing,
  title={Composing Real-Time Concurrent Objects Refinement, Compatibility and Schedulability},
  author={Jaghoori, Mohammad Mahdi},
  booktitle={Fundamentals of Software Engineering},
  pages={96--111},
  year={2012},
  publisher={Springer Berlin Heidelberg}
}

@phdthesis{jaghoori2010time,
  title={Time at your service: schedulability analysis of real-time and distributed services},
  author={Mohammad Mahdi Jaghoori},
  year={2010},
  school={Leiden University}
}

@incollection{uppaal2004,
  title={A tutorial on uppaal},
  author={Behrmann, Gerd and David, Alexandre and Larsen, Kim G},
  booktitle={Formal methods for the design of real-time systems},
  pages={200--236},
  year={2004},
  publisher={Springer}
}

@inproceedings{larsen1997efficient,
  title={Efficient verification of real-time systems: compact data structure and state-space reduction},
  author={Larsen, Kim Guldstrand and Larsson, Fredrik and Pettersson, Paul and Yi, Wang},
  booktitle={Real-Time Systems Symposium, 1997. Proceedings., The 18th IEEE},
  pages={14--24},
  year={1997},
  organization={IEEE}
}

@inproceedings{BubelMH14,
  author    = {Richard Bubel and
               Antonio Flores{-}Montoya and
               Reiner H{\"{a}}hnle},
  title     = {Analysis of Executable Software Models},
  booktitle = {{SFM} 2014, Bertinoro, Italy, June 16-20, 2014,
               Advanced Lectures},
  pages     = {1--25},
  year      = {2014}
}

@article{WongBBGGHMS15,
  author    = {Peter Y. H. Wong and
               Richard Bubel and
               Frank S. de Boer and
               Miguel G{\'{o}}mez{-}Zamalloa and
               Stijn de Gouw and
               Reiner H{\"{a}}hnle and
               Karl Meinke and
               Muddassar Azam Sindhu},
  title     = {Testing abstract behavioral specifications},
  journal   = {{STTT}},
  volume    = {17},
  number    = {1},
  pages     = {107--119},
  year      = {2015}
}