@STRING{tcs	= "Theoretical Computer Science" }

@InCollection{	  abs:2012,
  year		= {2012},
  booktitle	= {Formal Methods for Components and Objects},
  volume	= {6957},
  series	= {Lecture Notes in Computer Science},
  title		= {{ABS}: A Core Language for Abstract Behavioral
		  Specification},
  publisher	= {Springer Berlin Heidelberg},
  author	= {Johnsen, Einar Broch and Hähnle, Reiner and Schäfer, Jan
		  and Schlatte, Rudolf and Steffen, Martin},
  pages		= {142-164}
}

@InProceedings{	  acihhs11,
  author	= {L. Aceto and M. Cimini and A. Ing{\'o}lfsd{\'o}ttir and A.
		  H. Reynisson and S. H. Sigurdarson and M. Sirjani},
  title		= {{Modelling and Simulation of Asynchronous Real-Time
		  Systems using Timed Rebeca}},
  booktitle	= {FOCLASA},
  year		= {2011},
  pages		= {1-19}
}

@Article{	  actor:lee,
  author	= {Lee, Edward A. and Neuendorffer, Stephen and Wirthlin,
		  Michael J.},
  title		= {Actor-Oriented Design of Embedded Hardware and Software
		  Systems},
  journal	= {Journal of Circuits, Systems and Computers},
  volume	= {12},
  number	= {03},
  pages		= {231-260},
  year		= {2003}
}

@InProceedings{	  actor_frameworks_jvm:agha,
  author	= {Karmani, Rajesh K. and Shali, Amin and Agha, Gul},
  title		= {Actor frameworks for the {JVM} platform: a comparative
		  analysis},
  booktitle	= {Proc. 7th International Conference on Principles and
		  Practice of Programming in Java},
  series	= {PPPJ '09},
  year		= {2009},
  pages		= {11--20},
  publisher	= {ACM}
}

@PhDThesis{	  actors:agha,
  author	= {Gul Agha},
  title		= {Actors: a model of concurrent computation in distributed
		  systems},
  year		= {1986},
  school	= {MIT}
}

@InProceedings{	  actors_highly:correa,
  author	= {Corr\^{e}a, F\'{a}bio},
  title		= {Actors in a new ``highly parallel" world},
  booktitle	= {Proc. Warm Up Workshop for ACM/IEEE ICSE 2010},
  series	= {WUP '09},
  year		= {2009},
  pages		= {21--24},
  numpages	= {4},
  publisher	= {ACM}
}

@InProceedings{	  agha90,
  author	= {Agha, Gul},
  booktitle	= {Proc. the REX Workshop},
  date-added	= {2009-11-12 16:19:31 +0100},
  date-modified	= {2009-11-12 16:19:31 +0100},
  pages		= {1-59},
  title		= {{The Structure and Semantics of Actor Languages}},
  year		= {1990}
}

@Article{	  agha97,
  author	= {Agha, G. and Mason, I. and Smith, S. and Talcott, C.},
  date-added	= {2009-11-12 16:19:31 +0100},
  date-modified	= {2009-11-12 16:19:31 +0100},
  journal	= {Journal of Functional Programming},
  pages		= {1-72},
  title		= {{A Foundation for Actor Computation}},
  volume	= {7},
  year		= {1997}
}

@Article{	  agha:predictive:safety,
  title		= {Online Efficient Predictive Safety Analysis of
		  Multithreaded Programs},
  author	= {Agha, Gul}
}

@Manual{	  akka,
  title		= {{Akka}},
  author	= {Typesafe},
  organization	= {Typesafe},
  note		= {\url{http://akka.io/}}
}

@Manual{	  akka:homepage,
  title		= {{A}kka},
  author	= {TypeSafe},
  note		= {\surl{http://akka.io/}},
  year		= {2010}
}

@Misc{		  alank1,
  author	= {Alan Kay},
  title		= {Alan Kay on Messaging},
  note		= {\url{http://c2.com/cgi/wiki?AlanKayOnMessaging}}
}

@Misc{		  alank2,
  author	= {Alan Kay},
  title		= {Dr. Alan Kay on the Meaning of "Object-Oriented
		  Programming"},
  note		= {\url{http://userpage.fu-berlin.de/~ram/pub/pub_jf47ht81Ht/doc_kay_oop_en}}
}

@Article{	  alur:1994:timedautomata,
  title		= {{A theory of timed automata}},
  author	= {Alur, Rajeev and Dill, David L},
  journal	= {Theoretical computer science},
  volume	= {126},
  number	= {2},
  pages		= {183--235},
  year		= {1994},
  publisher	= {Elsevier}
}

@Article{	  alur_abstractvisibly,
  author	= {R. Alur and P. Madhusudan},
  title		= {Adding nesting structure to words},
  journal	= {J. ACM},
  volume	= {56},
  issue		= {3},
  year		= {2009},
  pages		= {16:1--16:43},
  articleno	= {16},
  numpages	= {43},
  publisher	= {ACM}
}

@Misc{		  antlr,
  title		= {ANTLR},
  url		= {\url{http://antlr.org/}},
  howpublished	= {\url{http://antlr.org/}},
  author	= {Terence Parr}
}

@Article{	  armstrong10erlang,
  author	= {Joe Armstrong},
  title		= {Erlang},
  journal	= {Communications of ACM},
  volume	= {53},
  number	= {9},
  year		= {2010},
  pages		= {68-75}
}

@Manual{	  asm,
  author	= {ObjectWeb},
  title		= {{ASM}},
  organization	= {ObjectWeb},
  note		= {\url{http://asm.ow2.org/}}
}

@Article{	  bjork2013:rtabs,
  title		= {{User-defined schedulers for real-time concurrent
		  objects}},
  author	= {Bj{\o}rk, Joakim and de Boer, Frank S and Johnsen, Einar
		  Broch and Schlatte, Rudolf and Tarifa, S Lizeth Tapia},
  journal	= {Innovations in Systems and Software Engineering},
  volume	= {9},
  number	= {1},
  pages		= {29--43},
  year		= {2013},
  publisher	= {Springer}
}

@Article{	  bodden_jlo,
  author	= {E. Bodden},
  title		= {J-lo, a tool for runtime-checking temporal assertions},
  journal	= {Master Thesis, RWTH Aachen University},
  year		= {2005}
}

@InProceedings{	  boercj07,
  author	= {Frank S. de Boer and Dave Clarke and Einar Broch Johnsen},
  title		= {A Complete Guide to the Future},
  booktitle	= {ESOP},
  year		= {2007},
  pages		= {316-330}
}

@Article{	  booch1982object,
  title		= {Object-oriented design},
  author	= {Booch, Grady},
  journal	= {ACM SIGAda Ada Letters},
  volume	= {1},
  number	= {3},
  pages		= {64--76},
  year		= {1982},
  publisher	= {ACM}
}

@Article{	  bracha1998making,
  title		= {Making the future safe for the past: Adding genericity to
		  the Java programming language},
  author	= {Bracha, Gilad and Odersky, Martin and Stoutamire, David
		  and Wadler, Philip},
  journal	= {Acm sigplan notices},
  volume	= {33},
  number	= {10},
  pages		= {183--200},
  year		= {1998},
  publisher	= {ACM}
}

@InProceedings{	  bratanisds10,
  author	= {Konstantinos Bratanis and Dimitris Dranidis and Anthony J.
		  H. Simons},
  title		= {{Towards Run-Time Monitoring of Web Services Conformance
		  to Business-Level Agreements}},
  pages		= {203-206},
  editor	= {Leonardo Bottaci and Gordon Fraser},
  publisher	= {Springer},
  volume	= {6303},
  year		= {2010}
}

@Article{	  bruneton2002asm,
  title		= {{ASM}: a code manipulation tool to implement adaptable
		  systems},
  author	= {Bruneton, Eric and Lenglet, Romain and Coupaye, Thierry},
  journal	= {Adaptable and extensible component systems},
  volume	= {30},
  year		= {2002}
}

@InProceedings{	  bubelmh14,
  author	= {Richard Bubel and Antonio Flores{-}Montoya and Reiner
		  H{\"{a}}hnle},
  title		= {Analysis of Executable Software Models},
  booktitle	= {{SFM} 2014, Bertinoro, Italy, June 16-20, 2014, Advanced
		  Lectures},
  pages		= {1--25},
  year		= {2014}
}

@InProceedings{	  chang:dais07,
  author	= {Po-Hao Chang and Gul Agha},
  booktitle	= {7th IFIP International Conference on Distributed
		  Applications and Interoperable Systems (DAIS)},
  date-added	= {2009-10-29 14:00:32 +0100},
  date-modified	= {2009-10-29 14:00:32 +0100},
  pages		= {239--252},
  title		= {{Towards Context-Aware Web Applications}},
  year		= {2007}
}

@InProceedings{	  chen2007sladecompose,
  title		= {{SLA} decomposition: Translating service level objectives
		  to system level thresholds},
  author	= {Chen, Yuan and Iyer, Subu and Liu, Xue and Milojicic,
		  Dejan and Sahai, Akhil},
  booktitle	= {Autonomic Computing, 2007. ICAC'07. Fourth International
		  Conference on},
  pages		= {3--3},
  year		= {2007},
  organization	= {IEEE}
}

@InProceedings{	  chen_rosu_jmop,
  author	= {Feng Chen and Grigore Rosu},
  title		= {Java-MOP: A Monitoring Oriented Programming Environment
		  for Java},
  year		= {2005},
  pages		= {546-550},
  editor	= {Nicolas Halbwachs and Lenore D. Zuck},
  booktitle	= {Tools and Algorithms for the Construction and Analysis of
		  Systems, 11th International Conference, Proceedings},
  publisher	= {Springer},
  series	= {Lecture Notes in Computer Science},
  volume	= {3440}
}

@InProceedings{	  chen_rosu_mop,
  author	= {Chen, Feng and Ro\c{s}u, Grigore},
  title		= {{MOP}: an efficient and generic runtime verification
		  framework},
  booktitle	= {Proceedings of the 22nd annual ACM SIGPLAN conference on
		  Object-oriented programming systems and applications},
  series	= {OOPSLA '07},
  year		= {2007},
  isbn		= {978-1-59593-786-5},
  location	= {Montreal, Quebec, Canada},
  pages		= {569--588}
}

@InProceedings{	  cheongsensor05,
  author	= {Elaine Cheong and Edward A. Lee and Yang Zhao},
  booktitle	= {Proc. Embedded net. sensor sys., SenSys 2005},
  date-added	= {2009-10-29 14:00:32 +0100},
  date-modified	= {2009-10-29 14:00:32 +0100},
  pages		= {302--302},
  title		= {{Viptos: a graphical development and simulation
		  environment for tinyOS-based wireless sensor networks}},
  year		= {2005}
}

@InProceedings{	  clebschd13,
  author	= {Sylvan Clebsch and Sophia Drossopoulou},
  title		= {Fully concurrent garbage collection of actors on many-core
		  machines},
  pages		= {553--570},
  year		= {2013},
  doi		= {10.1145/2509136.2509557}
}

@InProceedings{	  coles2011cost,
  title		= {Cost-Sensitive Concurrent Planning Under Duration
		  Uncertainty for Service-Level Agreements.},
  author	= {Coles, Andrew and Coles, Amanda Jane and Clark, Allan and
		  Gilmore, Stephen},
  booktitle	= {ICAPS},
  year		= {2011}
}

@InProceedings{	  comuzzi2009defavail,
  title		= {{Establishing and monitoring SLAs in complex service based
		  systems}},
  author	= {Comuzzi, Marco and Kotsokalis, Constantinos and
		  Spanoudakis, George and Yahyapour, Ramin},
  booktitle	= {Web Services, 2009. ICWS 2009. IEEE International
		  Conference on},
  pages		= {783--790},
  year		= {2009},
  organization	= {IEEE}
}

@Manual{	  con_haskell:wiki,
  title		= {{C}oncurrent {H}askell},
  note		= {\url{http://en.wikipedia.org/wiki/Concurrent_Haskell}}
}

@InBook{	  coord:ordersky,
  altauthor	= {Philipp Haller and Martin Odersky},
  title		= {Coordination Models and Languages},
  chapter	= {Actors That Unify Threads and Events },
  publisher	= {Springer Berlin / Heidelberg},
  year		= {2007},
  volume	= {4467},
  pages		= {171--190}
}

@Manual{	  copilot,
  title		= {{Copilot: A stream language for generating hard real-time
		  C code}},
  author	= {Lee Pike},
  note		= {\url{http://leepike.github.com/Copilot/}}
}

@Article{	  creol:broch:owe,
  author	= {Einar Broch Johnsen and Olaf Owe},
  title		= {An {A}synchronous {C}ommunication {M}odel for
		  {D}istributed {C}oncurrent {O}bjects},
  journal	= {Software and Systems Modeling},
  year		= {2007},
  volume	= {6},
  number	= {1},
  pages		= {39--58}
}

@Article{	  creol:broch_owe,
  author	= {Einar Broch Johnsen and Olaf Owe},
  title		= {An {A}synchronous {C}ommunication {M}odel for
		  {D}istributed {C}oncurrent {O}bjects},
  journal	= {Software and Systems Modeling},
  year		= {2007},
  volume	= {6},
  number	= {1},
  pages		= {39--58}
}

@Article{	  crisp-sac,
  author	= {Behrooz Nobakht and Frank S. de Boer and Mohammad Mahdi
		  Jaghoori and Rudolf Schlatte},
  title		= {Programming and Deployment of Active Objects with
		  application-Level Scheduling},
  year		= {2012},
  note		= {ACM SAC}
}

@InProceedings{	  dahl:1968:simula,
  author	= {Dahl, Ole-Johan and Myhrhaug, BJ{\o}rn and Nygaard,
		  Kristen},
  title		= {Some Features of the SIMULA 67 Language},
  booktitle	= {Proceedings of the Second Conference on Applications of
		  Simulations},
  year		= {1968},
  location	= {New York, New York, USA},
  pages		= {29--31},
  numpages	= {3},
  url		= {http://dl.acm.org/citation.cfm?id=800166.805258},
  acmid		= {805258},
  publisher	= {Winter Simulation Conference}
}

@InCollection{	  dahm1999byte,
  title		= {Byte code engineering},
  author	= {Dahm, Markus},
  booktitle	= {JIT’99},
  pages		= {267--277},
  year		= {1999},
  publisher	= {Springer}
}

@Book{		  dbc,
  author	= {B. Meyer},
  title		= {Object-Oriented Software Construction, 2nd edition},
  publisher	= {Prentice Hall, New Jersey},
  year		= {2000}
}

@Article{	  dblp:journals/mst/knuth68,
  author	= {D. E. Knuth},
  title		= {Semantics of Context-Free Languages},
  journal	= {Mathematical Systems Theory},
  volume	= {2},
  number	= {2},
  year		= {1968},
  pages		= {127-145},
  bibsource	= {DBLP, http://dblp.uni-trier.de}
}

@InProceedings{	  eagle,
  author	= {Howard Barringer and Allen Goldberg and Klaus Havelund and
		  Koushik Sen},
  title		= {Rule-Based Runtime Verification},
  year		= {2004},
  pages		= {44-57},
  editor	= {Bernhard Steffen and Giorgio Levi},
  booktitle	= {Verification, Model Checking, and Abstract Interpretation,
		  5th International Conference (VMCAI'04), Proceedings},
  publisher	= {Springer},
  series	= {Lecture Notes in Computer Science},
  volume	= {2937}
}

@Manual{	  eclipse_debug_platform,
  title		= {{E}clipse {D}ebug {P}latform},
  note		= {\url{http://www.eclipse.org/eclipse/debug/}}
}

@Manual{	  eclipse_junit,
  title		= {{JUnit Tutorial in Eclipse}},
  note		= {\url{http://www.vogella.com/articles/JUnit/article.html}}
}

@Article{	  einar:rt:sched:co,
  author	= {Joakim Bj{\o}rk and Frank S. de Boer and Einar Broch
		  Johnsen and Rudolf Schlatte and S. Lizeth {Tapia Tarifa}},
  title		= {User-defined Schedulers for Real-Time Concurrent Objects},
  journal	= {Innovations in Systems and Software Engineering},
  year		= {2012}
}

@Manual{	  elixir,
  author	= {Jose Valim},
  title		= {{Elixir}},
  organization	= {{Elixir}},
  note		= {\url{http://elixir-lang.org/}}
}

@Misc{		  elixir:actor,
  title		= {Elixir Agents},
  note		= {\url{http://elixir-lang.org/getting-started/mix-otp/agent.html}}
}

@Misc{		  erlang:actor,
  title		= {Erlang Concurrent Programming},
  note		= {\url{http://www.erlang.org/course/concurrent_programming.html}}
}

@Book{		  erlang:armstrong,
  author	= {Armstrong, Joe},
  title		= {Programming Erlang: Software for a Concurrent World},
  year		= {2007},
  publisher	= {Pragmatic Bookshelf}
}

@Unpublished{	  erlang_scheduling,
  author	= {K Lundin},
  title		= {Inside the {E}rlang {VM}, focusing on {SMP}},
  note		= {},
  month		= {November 13,},
  year		= {2008}
}

@Article{	  fersman2007task,
  title		= {Task automata: Schedulability, decidability and
		  undecidability},
  author	= {Fersman, Elena and Krcal, Pavel and Pettersson, Paul and
		  Yi, Wang},
  journal	= {Information and Computation},
  volume	= {205},
  number	= {8},
  pages		= {1149--1172},
  year		= {2007},
  publisher	= {Elsevier}
}

@Article{	  fnd:actor:cmpt:agha,
  author	= {Gul A. Agha, Ian A. Mason, Scott F. Smith and Carolyn L.
		  Talcott},
  title		= {A foundation for actor computation},
  journal	= {Journal of Functional Programming},
  year		= {1997},
  volume	= {7},
  pages		= {1--72}
}

@Article{	  frank:mock,
  title		= "Java Test Driver Generation from Object-Oriented
		  Interaction Traces",
  journal	= "Electronic Notes in Theoretical Computer Science",
  volume	= "243",
  number	= "0",
  pages		= "33 - 47",
  year		= "2009",
  author	= "Frank S. de Boer and Marcello B. Bonsangue and Andreas
		  Gruner and Martin Steffen"
}

@InProceedings{	  giachinogllw13,
  author	= {Elena Giachino and Carlo A. Grazia and Cosimo Laneve and
		  Michael Lienhardt and Peter Y. H. Wong},
  title		= {Deadlock Analysis of Concurrent Objects: Theory and
		  Practice},
  booktitle	= {IFM},
  year		= {2013},
  pages		= {394-411},
  ee		= {http://dx.doi.org/10.1007/978-3-642-38613-8_27},
  bibsource	= {DBLP, http://dblp.uni-trier.de}
}

@Article{	  gilmore2011non,
  title		= {Non-functional properties in the model-driven development
		  of service-oriented systems},
  author	= {Gilmore, Stephen and G{\"o}nczy, L{\'a}szl{\'o} and Koch,
		  Nora and Mayer, Philip and Tribastone, Mirco and Varr{\'o},
		  D{\'a}niel},
  journal	= {Software \& Systems Modeling},
  volume	= {10},
  number	= {3},
  pages		= {287--311},
  year		= {2011},
  publisher	= {Springer}
}

@Misc{		  go:actor,
  title		= {Go Statement Specification},
  note		= {\url{https://golang.org/ref/spec\#Go_statements}}
}

@Book{		  gosling2000java,
  title		= {The Java language specification},
  author	= {Gosling, James},
  year		= {2000},
  publisher	= {Addison-Wesley Professional}
}

@InProceedings{	  hahnlehjlssw11,
  author	= {Reiner H{\"a}hnle and Michiel Helvensteijn and Einar Broch
		  Johnsen and Michael Lienhardt and Davide Sangiorgi and Ina
		  Schaefer and Peter Y. H. Wong},
  title		= {HATS Abstract Behavioral Specification: The Architectural
		  View},
  booktitle	= {FMCO},
  year		= {2011},
  pages		= {109-132},
  ee		= {http://dx.doi.org/10.1007/978-3-642-35887-6_6},
  bibsource	= {DBLP, http://dblp.uni-trier.de}
}

@Article{	  haller09tcs,
  author	= {Philipp Haller and Martin Odersky},
  title		= {{Scala Actors: Unifying thread-based and event-based
		  programming}},
  journal	= tcs,
  volume	= {410},
  number	= {2-3},
  year		= {2009},
  pages		= {202-220},
  bibsource	= {DBLP, http://dblp.uni-trier.de}
}

@InProceedings{	  haller2012integration,
  title		= {{On the integration of the actor model in mainstream
		  technologies: the Scala perspective}},
  author	= {Haller, Philipp},
  booktitle	= {Proceedings of the 2nd edition on Programming systems,
		  languages and applications based on actors, agents, and
		  decentralized control abstractions},
  pages		= {1--6},
  year		= {2012},
  organization	= {ACM}
}

@InCollection{	  henkel2003discovering,
  title		= {Discovering algebraic specifications from Java classes},
  author	= {Henkel, Johannes and Diwan, Amer},
  booktitle	= {ECOOP 2003--Object-Oriented Programming},
  pages		= {431--456},
  year		= {2003},
  publisher	= {Springer}
}

@Article{	  herlihy:1990:linear,
  author	= {Herlihy, Maurice P. and Wing, Jeannette M.},
  title		= {Linearizability: A Correctness Condition for Concurrent
		  Objects},
  journal	= {ACM Trans. Program. Lang. Syst.},
  issue_date	= {July 1990},
  volume	= {12},
  number	= {3},
  month		= jul,
  year		= {1990},
  issn		= {0164-0925},
  pages		= {463--492},
  numpages	= {30},
  url		= {http://doi.acm.org/10.1145/78969.78972},
  doi		= {10.1145/78969.78972},
  acmid		= {78972},
  publisher	= {ACM},
  address	= {New York, NY, USA}
}

@InProceedings{	  hewitt07-commitment,
  author	= {Carl Hewitt},
  booktitle	= {Proc. Coordination, Organizations, Institutions, and Norms
		  in Agent Systems II},
  date-added	= {2009-11-12 16:19:31 +0100},
  date-modified	= {2009-11-12 16:19:31 +0100},
  editors	= {Pablo Noriega et. al.},
  pages		= {293--307},
  publisher	= {Springer},
  series	= {LNCS Series},
  title		= {{What Is Commitment? Physical, Organizational, and Social
		  (Revised)}},
  vol		= {4386},
  year		= 2007
}

@InProceedings{	  hewitt69,
  author	= {Carl Hewitt},
  bibsource	= {DBLP, http://dblp.uni-trier.de},
  booktitle	= {Proc. the 2nd International Joint Conference on Artificial
		  Intelligence},
  date-added	= {2009-11-12 16:19:31 +0100},
  date-modified	= {2009-11-12 16:19:31 +0100},
  pages		= {167-184},
  title		= {{Procedural Embedding of knowledge in Planner}},
  year		= {1971}
}

@InProceedings{	  hogben2013defavail,
  title		= {{Mutant Apples: A Critical Examination of Cloud SLA
		  Availability Definitions}},
  author	= {Hogben, Giles and Pannetrat, Alain},
  booktitle	= {Cloud Computing Technology and Science (CloudCom), 2013
		  IEEE 5th International Conference on},
  volume	= {1},
  pages		= {379--386},
  year		= {2013},
  organization	= {IEEE}
}

@Article{	  inzinger:monitoring,
  title		= {{Generic event-based monitoring and adaptation methodology
		  for heterogeneous distributed systems}},
  author	= {{Inzinger, Christian and Hummer, Waldemar and Satzger,
		  Benjamin and Leitner, Philipp and Dustdar, Shahram}},
  journal	= {{Software -- Practice and Experience}},
  year		= {2014},
  publisher	= {Springer}
}

@PhDThesis{	  jaghoori2010time,
  title		= {Time at your service: schedulability analysis of real-time
		  and distributed services},
  author	= {Mohammad Mahdi Jaghoori},
  year		= {2010},
  school	= {Leiden University}
}

@InCollection{	  jaghoori2012composing,
  title		= {Composing Real-Time Concurrent Objects Refinement,
		  Compatibility and Schedulability},
  author	= {Jaghoori, Mohammad Mahdi},
  booktitle	= {Fundamentals of Software Engineering},
  pages		= {96--111},
  year		= {2012},
  publisher	= {Springer Berlin Heidelberg}
}

@InCollection{	  jaghoori_dating,
  author	= {Frank S. de Boer and Mohammad Mahdi Jaghoori and Einar
		  Broch Johnsen},
  title		= {Dating Concurrent Objects: Real-Time Modeling and
		  Schedulability Analysis},
  booktitle	= {CONCUR 2010},
  pages		= {1-18},
  volume	= {6269},
  year		= {2010}
}

@Article{	  jaghooribcs09,
  author	= {Mohammad Mahdi Jaghoori and Frank S. de Boer and Tom
		  Chothia and Marjan Sirjani},
  title		= {Schedulability of asynchronous real-time concurrent
		  objects},
  journal	= {J. Log. Algebr. Program.},
  volume	= {78},
  number	= {5},
  year		= {2009},
  pages		= {402-416},
  ee		= {http://dx.doi.org/10.1016/j.jlap.2009.02.009},
  bibsource	= {DBLP, http://dblp.uni-trier.de}
}

@InProceedings{	  jaghoorims06,
  author	= {Mohammad Mahdi Jaghoori and Ali Movaghar and Marjan
		  Sirjani},
  title		= {Modere: the model-checking engine of {Rebeca}},
  pages		= {1810-1815},
  booktitle	= {Proc. 21st ACM Symposium on Applied Computing},
  year		= {2006}
}

@Article{	  jass,
  author	= {Detlef Bartetzko and Clemens Fischer and Michael
		  M{\"o}ller and Heike Wehrheim},
  title		= {Jass - {Java} with Assertions},
  journal	= {Electr. Notes Theor. Comput. Sci.},
  volume	= {55},
  number	= {2},
  year		= {2001},
  pages		= {103-117}
}

@Manual{	  java_5_annotations,
  title		= {Java 5 Annotations},
  note		= {\url{http://java.sun.com/j2se/1.5.0/docs/guide/language/annotations.html}}
}

@Article{	  java_mac,
  author	= {Kim, Moonzoo and Viswanathan, Mahesh and Kannan, Sampath
		  and Lee, Insup and Sokolsky, Oleg},
  title		= {{Java-MaC}: A Run-Time Assurance Approach for {Java}
		  Programs},
  journal	= {Form. Methods Syst. Des.},
  volume	= {24},
  issue		= {2},
  month		= {March},
  year		= {2004},
  pages		= {129--155},
  publisher	= {Kluwer Academic Publishers}
}

@Article{	  jcontractor,
  author	= {Parker Abercrombie and Murat Karaorman},
  title		= {{jContractor}: Bytecode Instrumentation Techniques for
		  Implementing Design by Contract in {Java}},
  journal	= {Electr. Notes Theor. Comput. Sci.},
  volume	= {70},
  number	= {4},
  year		= {2002},
  pages		= {55-79}
}

@Manual{	  jetlang,
  author	= {Mike Rettig},
  title		= {Jetlang Library},
  year		= {2008},
  note		= {\url{http://code.google.com/p/jetlang/}}
}

@Manual{	  jmh,
  author	= {Aleksey Shipilev},
  organization	= {{Oracle}},
  title		= {{JMH: Java Microbenchmark Harness}},
  note		= {\url{http://openjdk.java.net/projects/code-tools/jmh/}}
}

@InProceedings{	  jml_aspects,
  author	= {Henrique Reb{\^e}lo and Ricardo Massa Ferreira Lima and
		  M{\'a}rcio Corn{\'e}lio and S{\'e}rgio Soares},
  title		= {A JML Compiler Based on AspectJ},
  pages		= {541-544},
  booktitle	= {Proceedings of the First International Conference on
		  Software Testing, Verification, and Validation (ICST'08)},
  publisher	= {IEEE Computer Society},
  year		= {2008}
}

@InProceedings{	  johnsen2012abs,
  title		= {{ABS: A core language for abstract behavioral
		  specification}},
  author	= {Johnsen, Einar Broch and H{\"a}hnle, Reiner and
		  Sch{\"a}fer, Jan and Schlatte, Rudolf and Steffen, Martin},
  booktitle	= {Formal Methods for Components and Objects},
  pages		= {142--164},
  year		= {2012},
  organization	= {Springer}
}

@InCollection{	  johnsen2012modeling,
  title		= {{Modeling resource-aware virtualized applications for the
		  cloud in Real-Time ABS}},
  author	= {Johnsen, Einar Broch and Schlatte, Rudolf and Tarifa,
		  Silvia Lizeth Tapia},
  booktitle	= {Formal Methods and Software Engineering},
  pages		= {71--86},
  year		= {2012},
  publisher	= {Springer}
}

@InProceedings{	  johnsen:history,
  title		= {History-Based Specification and Verification of Scalable
		  Concurrent and Distributed Systems},
  author	= {Johnsen, Einar Broch},
  booktitle	= {Formal Methods and Software Engineering: 17th
		  International Conference on Formal Engineering Methods,
		  ICFEM 2015, Paris, France, November 3-5, 2015,
		  Proceedings},
  volume	= {9407},
  pages		= {217},
  year		= {2015},
  organization	= {Springer}
}

@Manual{	  jpda_home,
  title		= {{JPDA} Reference Home Page},
  note		= {\url{http://java.sun.com/javase/technologies/core/toolsapis/jpda/}}
}

@Manual{	  jsr1,
  title		= {{RTSJ} v1 {JSR 1}},
  author	= {JCP},
  note		= {\surl{http://jcp.org/en/jsr/detail?id=1}},
  year		= {1998}
}

@Misc{		  jsr166,
  title		= {{JSR} 166: {Java} concurrency utilities},
  url		= {\url{http://www.jcp.org/jsr/detail/166.jsp}},
  howpublished	= {\url{http://www.jcp.org/jsr/detail/166.jsp}}
}

@Manual{	  jsr282,
  title		= {{RTSJ} v1.1 {JSR 282}},
  author	= {JCP},
  note		= {\surl{http://jcp.org/en/jsr/detail?id=282}},
  year		= {2005}
}

@Manual{	  jsr292:invokedyn,
  title		= {{JSR 292: Supporting Dynamically Typed Languages on the
		  Java Platform}},
  author	= {Rose, John},
  organization	= {Oracle},
  note		= {\url{http://jcp.org/en/jsr/detail?id=292}},
  month		= {July},
  year		= 2011
}

@Manual{	  jsr335,
  title		= {{JSR 335, Lambda Expressions for the Java Programming
		  Language}},
  author	= {Goetz, Brian},
  organization	= {Oracle},
  note		= {\url{http://jcp.org/en/jsr/detail?id=335}},
  month		= {March},
  year		= 2013
}

@Manual{	  jsr335:lambda:translation,
  title		= {{Lambda Expression Translation in Java 8}},
  author	= {Goetz, Brian},
  organization	= {Oracle},
  note		= {\url{http://cr.openjdk.java.net/~briangoetz/lambda/lambda-translation.html}},
  month		= {March},
  year		= 2013
}

@Manual{	  junit,
  title		= {JUnit Test Framework},
  note		= {\url{http://www.junit.org/}}
}

@InProceedings{	  karmanisa09,
  author	= {Rajesh K. Karmani and Amin Shali and Gul Agha},
  title		= {{Actor frameworks for the JVM platform: a comparative
		  analysis}},
  pages		= {11-20},
  booktitle	= {Proc. Principles and Practice of Prog. in Java (PPPJ'09)},
  publisher	= {ACM},
  year		= {2009},
  isbn		= {978-1-60558-598-7},
  bibsource	= {DBLP, http://dblp.uni-trier.de}
}

@InProceedings{	  kearney2010sla,
  title		= {{SLA$\star$: An abstract syntax for Service Level
		  Agreements}},
  author	= {Kearney, Keven T and Torelli, Francesco and Kotsokalis,
		  Constantinos},
  booktitle	= {Grid Computing (GRID), 2010 11th IEEE/ACM International
		  Conference on},
  pages		= {217--224},
  year		= {2010},
  organization	= {IEEE}
}

@Article{	  keller2003wsla,
  title		= {{The WSLA framework: Specifying and monitoring service
		  level agreements for web services}},
  author	= {Keller, Alexander and Ludwig, Heiko},
  journal	= {Journal of Network and Systems Management},
  volume	= {11},
  number	= {1},
  pages		= {57--81},
  year		= {2003},
  publisher	= {Springer}
}

@Article{	  kiczales_aspectj,
  title		= {Getting started with {ASPECTJ}},
  author	= {Kiczales, Gregor and Hilsdale, Erik and Hugunin, Jim and
		  Kersten, Mik and Palm, Jeffrey and Griswold, William},
  journal	= {Commun. ACM},
  volume	= {44},
  issue		= {10},
  month		= {October},
  year		= {2001},
  pages		= {59--65}
}

@Misc{		  kilim,
  author	= {Sriram Srinivasan},
  title		= {Kilim},
  note		= {\url{http://www.malhar.net/sriram/kilim/}}
}

@InCollection{	  kilim:srinivasan:mycroft,
  author	= {Srinivasan, Sriram and Mycroft, Alan},
  title		= {Kilim: {I}solation-{T}yped {A}ctors for {J}ava},
  booktitle	= {ECOOP 2008 - Object-Oriented Programming},
  publisher	= {Springer Berlin / Heidelberg},
  pages		= {104-128},
  volume	= {5142},
  year		= {2008}
}

@InCollection{	  kilim:srinivasan_mycroft,
  author	= {Srinivasan, Sriram and Mycroft, Alan},
  title		= {Kilim: {I}solation-{T}yped {A}ctors for {J}ava},
  booktitle	= {ECOOP 2008 -- Object-Oriented Programming},
  publisher	= {Springer Berlin / Heidelberg},
  pages		= {104-128},
  volume	= {5142},
  year		= {2008}
}

@Manual{	  lambda:perf,
  title		= {{Lambda: A Peek Under The Hood}},
  author	= {Goetz, Brian},
  organization	= {Oracle},
  note		= {JAX London},
  year		= 2012
}

@InProceedings{	  larsen1997efficient,
  title		= {Efficient verification of real-time systems: compact data
		  structure and state-space reduction},
  author	= {Larsen, Kim Guldstrand and Larsson, Fredrik and
		  Pettersson, Paul and Yi, Wang},
  booktitle	= {Real-Time Systems Symposium, 1997. Proceedings., The 18th
		  IEEE},
  pages		= {14--24},
  year		= {1997},
  organization	= {IEEE}
}

@Article{	  leavens_baker_ruby_jml_design,
  author	= {G. T. Leavens and A. L. Baker and C. Ruby},
  title		= {Preliminary design of {JML}: a behavioral interface
		  specification language for {Java}},
  journal	= {ACM SIGSOFT Software Engineering Notes},
  volume	= {31},
  issue		= {3},
  month		= {May},
  year		= {2006},
  pages		= {1--38}
}

@Article{	  leeactorembedded03,
  author	= {Edward A. Lee and Stephen Neuendorffer and Michael J.
		  Wirthlin},
  date-added	= {2009-10-29 14:00:32 +0100},
  date-modified	= {2009-10-29 14:00:32 +0100},
  journal	= {Journal of Circuits, Systems, and Computers},
  number	= {3},
  pages		= {231--260},
  title		= {{Actor-Oriented Design of Embedded Hardware and Software
		  Systems}},
  volume	= {12},
  year		= 2003
}

@Article{	  leeln09,
  author	= {Edward A. Lee and Xiaojun Liu and Stephen Neuendorffer},
  title		= {{Classes and inheritance in actor-oriented design}},
  journal	= {ACM Transactions in Embedded Computing Systems},
  volume	= {8},
  number	= {4},
  year		= {2009},
  bibsource	= {DBLP, http://dblp.uni-trier.de}
}

@InProceedings{	  leroy2001java,
  title		= {Java bytecode verification: an overview},
  author	= {Leroy, Xavier},
  booktitle	= {Computer aided verification},
  pages		= {265--285},
  year		= {2001},
  organization	= {Springer}
}

@Article{	  leroy2003java,
  title		= {Java bytecode verification: algorithms and
		  formalizations},
  author	= {Leroy, Xavier},
  journal	= {Journal of Automated Reasoning},
  volume	= {30},
  number	= {3-4},
  pages		= {235--269},
  year		= {2003},
  publisher	= {Springer}
}

@Manual{	  lmax,
  author	= {Michael Baker and Martin Thompson},
  organization	= {{LMAX Exchange}},
  title		= {{LMAX Disruptor}},
  note		= {\url{http://github.com/LMAX-Exchange/disruptor}}
}

@Manual{	  lmax:mf,
  author	= {Martin Fowler},
  organization	= {{Martin Fowler}},
  title		= {{LMAX Architecture}},
  note		= {\url{http://martinfowler.com/articles/lmax.html}},
  month		= {July},
  year		= 2011
}

@InProceedings{	  logean_monitoring,
  author	= {Logean, Xavier and Dietrich, Falk and Karamyan, Hayk and
		  Koppenh\"{o}fer, Shawn},
  title		= {Run-time monitoring of distributed applications},
  booktitle	= {Proceedings of the IFIP International Conference on
		  Distributed Systems Platforms and Open Distributed
		  Processing},
  series	= {Middleware '98},
  year		= {1998},
  pages		= {459--474}
}

@InCollection{	  mahbub2011translationsla,
  title		= {{Translation of SLAs into monitoring specifications}},
  author	= {Mahbub, Khaled and Spanoudakis, George and Tsigkritis,
		  Theocharis},
  booktitle	= {Service Level Agreements for Cloud Computing},
  pages		= {79--101},
  year		= {2011},
  publisher	= {Springer}
}

@InProceedings{	  maia_rtsj_11,
  author	= {Maia, Cl\'{a}udio and Nogueira, Lu\'{\i}s and Pinho,
		  Lu\'{\i}s Miguel},
  title		= {Combining RTSJ with Fork/Join: a priority-based model},
  booktitle	= {Proceedings of the 9th International Workshop on Java
		  Technologies for Real-Time and Embedded Systems},
  series	= {JTRES '11},
  year		= {2011},
  isbn		= {978-1-4503-0731-4},
  location	= {York, United Kingdom},
  pages		= {82--86},
  numpages	= {5},
  publisher	= {ACM},
  address	= {New York, NY, USA}
}

@InProceedings{	  martin_livshits_lam_pql,
  author	= {Martin, Michael and Livshits, Benjamin and Lam, Monica
		  S.},
  title		= {Finding application errors and security flaws using {PQL}:
		  a program query language},
  booktitle	= {Proceedings of the 20th annual ACM SIGPLAN conference on
		  Object-oriented programming, systems, languages, and
		  applications},
  series	= {OOPSLA '05},
  year		= {2005},
  pages		= {365--383}
}

@Manual{	  maven_junit,
  title		= {{Maven JUnit Integration with Surefire plugin}},
  note		= {\url{http://maven.apache.org/surefire/maven-surefire-plugin/examples/junit.html}}
}

@Article{	  meyer1988object,
  title		= {Object oriented software construction},
  author	= {Meyer, Bertrand},
  year		= {1988}
}

@Article{	  meyer:design,
  author	= {{Meyer, B.}},
  journal	= {Computer},
  title		= {{Applying ``design by contract''}},
  year		= {1992},
  month		= {Oct},
  volume	= {25},
  number	= {10},
  pages		= {40-51}
}

@Manual{	  mop,
  title		= {{MOP}: {M}onitoring-oriented programming},
  note		= {\url{http://fsl.cs.uiuc.edu/index.php/MOP}}
}

@Book{		  mpd:andrews,
  author	= {Andrews, G.R.},
  title		= {Foundations of {M}ultithreaded, {P}arallel, and
		  {D}istributed {P}rogramming},
  publisher	= {Addison-Wesley},
  year		= {2000}
}

@InProceedings{	  nielsen96r,
  author	= {Brian Nielsen and Gul Agha},
  title		= {{Semantics for an Actor-Based Real-Time Language}},
  booktitle	= {In Fourth International Workshop on Parallel and
		  Distributed Real-Time Systems},
  year		= {1996}
}

@InProceedings{	  nobakht2013future,
  title		= {The Future of a Missed Deadline},
  author	= {Nobakht, Behrooz and de Boer, Frank S and Jaghoori,
		  Mohammad Mahdi},
  booktitle	= {Coordination Models and Languages},
  pages		= {181--195},
  year		= {2013},
  organization	= {Springer}
}

@InProceedings{	  nobakht:sched,
  author	= {Nobakht, Behrooz and de Boer, Frank S. and Jaghoori,
		  Mohammad Mahdi and Schlatte, Rudolf},
  title		= {{Programming and deployment of active objects with
		  application-level scheduling}},
  booktitle	= {Proceedings of the 27th Annual ACM Symposium on Applied
		  Computing},
  series	= {SAC '12},
  year		= {2012},
  pages		= {1883--1888},
  numpages	= {6},
  publisher	= {ACM}
}

@InProceedings{	  nystrom2003polyglot,
  title		= {Polyglot: An extensible compiler framework for Java},
  author	= {Nystrom, Nathaniel and Clarkson, Michael R and Myers,
		  Andrew C},
  booktitle	= {Compiler Construction},
  pages		= {138--152},
  year		= {2003},
  organization	= {Springer}
}

@InProceedings{	  odersky1997pizza,
  title		= {Pizza into Java: Translating theory into practice},
  author	= {Odersky, Martin and Wadler, Philip},
  booktitle	= {Proceedings of the 24th ACM SIGPLAN-SIGACT symposium on
		  Principles of programming languages},
  pages		= {146--159},
  year		= {1997},
  organization	= {ACM}
}

@Misc{		  odersky2004scala,
  title		= {The Scala language specification},
  author	= {Odersky, Martin and Altherr, Philippe and Cremet, Vincent
		  and Emir, Burak and Micheloud, Stphane and Mihaylov,
		  Nikolay and Schinz, Michel and Stenman, Erik and Zenger,
		  Matthias},
  year		= {2004}
}

@InCollection{	  oop:patterns,
  year		= {1993},
  booktitle	= {ECOOP '93 -- Object-Oriented Programming},
  volume	= {707},
  series	= {Lecture Notes in Computer Science},
  title		= {{Design Patterns: Abstraction and Reuse of Object-Oriented
		  Design}},
  publisher	= {Springer Berlin Heidelberg},
  author	= {{Gamma, Erich and Helm, Richard and Johnson, Ralph and
		  Vlissides, John}},
  pages		= {406-431}
}

@Article{	  oop:survey,
  author	= {{Wirfs-Brock, Rebecca J. and Johnson, Ralph E.}},
  title		= {{Surveying Current Research in Object-oriented Design}},
  journal	= {Commun. ACM},
  issue_date	= {Sept. 1990},
  volume	= {33},
  number	= {9},
  year		= {1990},
  pages		= {104--124},
  publisher	= {ACM}
}

@Article{	  pax,
  author	= {K. Havelund and G. Rosu},
  title		= {Monitoring {J}ava programs with {J}ava {P}ath{E}xplorer},
  journal	= {Runtime Verification (in connection with CAV '01) },
  year		= {2001},
  pages		= {200-217},
  volume	= {55.2 of ENTCS}
}

@Article{	  philippsen2000survey,
  title		= {A survey of concurrent object-oriented languages},
  author	= {Philippsen, Michael},
  journal	= {Concurrency - Practice and Experience},
  volume	= {12},
  number	= {10},
  pages		= {917--980},
  year		= {2000},
  publisher	= {Citeseer}
}

@Article{	  plotkin:sos,
  title		= "The origins of structural operational semantics",
  journal	= "The Journal of Logic and Algebraic Programming",
  volume	= "60-61",
  number	= "0",
  pages		= "3-15",
  year		= "2004",
  author	= "Gordon D Plotkin"
}

@Misc{		  ponylang,
  title		= {Pony Language},
  note		= {\url{http://www.ponylang.org/}},
  year		= {2014--2016}
}

@Article{	  ptolemy:lee,
  author	= {Eker, J. and Janneck, J.W. and Lee, E.A. and Jie Liu and
		  Xiaojun Liu and Ludvig, J. and Neuendorffer, S. and Sachs,
		  S. and Yuhong Xiong},
  journal	= {Proceedings of the IEEE},
  title		= {Taming heterogeneity - the Ptolemy approach},
  volume	= {91},
  number	= {1},
  pages		= {127-144}
}

@Misc{		  quasar,
  author	= {Parallel Universe Co.},
  title		= {Quasar},
  note		= {\url{https://github.com/puniverse/quasar}}
}

@InProceedings{	  raimondi2008fsmsla,
  title		= {{Efficient online monitoring of web-service SLAs}},
  author	= {Raimondi, Franco and Skene, James and Emmerich, Wolfgang},
  booktitle	= {Proceedings of the 16th ACM SIGSOFT International
		  Symposium on Foundations of software engineering},
  pages		= {170--180},
  year		= {2008},
  organization	= {ACM}
}

@InProceedings{	  rust:2014,
  title		= {The rust language},
  author	= {Matsakis, Nicholas D and Klock II, Felix S},
  booktitle	= {Proceedings of the 2014 ACM SIGAda annual conference on
		  High integrity language technology},
  pages		= {103--104},
  year		= {2014},
  organization	= {ACM}
}

@Misc{		  rust:actor,
  title		= {Concurrenty in Rust Language},
  note		= {\url{https://doc.rust-lang.org/book/concurrency.html}}
}

@Manual{	  rx,
  author	= {Microsoft},
  organization	= {{Microsoft}},
  title		= {{Reactive Extensions}},
  note		= {\url{https://rx.codeplex.com/}}
}

@Manual{	  rxjava,
  author	= {Ben Christensen},
  organization	= {{Netflix}},
  title		= {{RxJava: Reactive Functional Progamming in Java}},
  note		= {\url{http://github.com/Netflix/RxJava/wiki}}
}

@Article{	  salsa:agha,
  author	= {Varela, Carlos and Agha, Gul},
  title		= {Programming dynamically reconfigurable open systems with
		  {SALSA}},
  journal	= {SIGPLAN Not.},
  volume	= {36},
  issue		= {12},
  month		= {December},
  year		= {2001},
  pages		= {20--34},
  publisher	= {ACM}
}

@Article{	  scala:actors:ordersky,
  author	= {Philipp Haller and Martin Odersky},
  title		= {Scala Actors: Unifying thread-based and event-based
		  programming},
  journal	= {Theoretical Computer Science},
  volume	= {410},
  number	= {2-3},
  pages		= {202-220},
  year		= {2009}
}

@Article{	  scala_actors:ordersky,
  author	= {Philipp Haller and Martin Odersky},
  title		= {Scala Actors: Unifying thread-based and event-based
		  programming},
  journal	= {Theoretical Computer Science},
  volume	= {410},
  number	= {2--3},
  pages		= {202 -- 220},
  year		= {2009}
}

@InCollection{	  sched:elena,
  year		= {2003},
  volume	= {2619},
  series	= {Lecture Notes in Computer Science},
  title		= {Schedulability Analysis Using Two Clocks},
  publisher	= {Springer Berlin Heidelberg},
  author	= {Fersman, Elena and Mokrushin, Leonid and Pettersson, Paul
		  and Yi, Wang},
  pages		= {224-239}
}

@Article{	  shore04a,
  author	= {Jim Shore},
  title		= {Fail Fast},
  journal	= {IEEE Software},
  volume	= {21},
  number	= {5},
  year		= {2004},
  pages		= {21-25},
  ee		= {http://doi.ieeecomputersociety.org/10.1109/MS.2004.1331296},
  bibsource	= {DBLP, http://dblp.uni-trier.de}
}

@InCollection{	  srinivasan2008kilim,
  title		= {{Kilim: Isolation-typed actors for Java}},
  author	= {Srinivasan, Sriram and Mycroft, Alan},
  booktitle	= {ECOOP 2008--Object-Oriented Programming},
  pages		= {104--128},
  year		= {2008},
  publisher	= {Springer}
}

@InProceedings{	  stijn,
  author	= {S. de Gouw and J. Vinju and F. S. de Boer},
  title		= {Prototyping a tool environment for run-time assertion
		  checking in {JML} with {C}ommunication {H}istories},
  journal	= {Proceedings of the 12th Workshop on Formal Techniques for
		  Java-Like Programs},
  year		= {2010},
  publisher	= {ACM},
  pages		= {6:1--6:7},
  series	= {FTFJP '10},
  doi		= {10.1145/1924520.1924526}
}

@InProceedings{	  tracematches,
  title		= {Adding trace matching with free variables to {A}spect{J}},
  author	= {Allan, Chris and Avgustinov, Pavel and Christensen, Aske
		  Simon and Hendren, Laurie and Kuzins, Sascha and
		  Lhot\'{a}k, Ond\v{r}ej and de Moor, Oege and Sereni, Damien
		  and Sittampalam, Ganesh and Tibble, Julian},
  booktitle	= {Proceedings of the 20th annual ACM SIGPLAN conference on
		  Object-oriented programming, systems, languages, and
		  applications},
  series	= {OOPSLA '05},
  year		= {2005},
  isbn		= {1-59593-031-0},
  pages		= {345--364}
}

@InCollection{	  uppaal2004,
  title		= {A tutorial on uppaal},
  author	= {Behrmann, Gerd and David, Alexandre and Larsen, Kim G},
  booktitle	= {Formal methods for the design of real-time systems},
  pages		= {200--236},
  year		= {2004},
  publisher	= {Springer}
}

@InProceedings{	  vallee1999soot,
  title		= {Soot-a Java bytecode optimization framework},
  author	= {Vall{\'e}e-Rai, Raja and Co, Phong and Gagnon, Etienne and
		  Hendren, Laurie and Lam, Patrick and Sundaresan, Vijay},
  booktitle	= {Proceedings of the 1999 conference of the Centre for
		  Advanced Studies on Collaborative research},
  pages		= {13},
  year		= {1999},
  organization	= {IBM Press}
}

@Article{	  varela2007salsa,
  title		= {{The SALSA Programming Language 1.1.2 Release Tutorial}},
  author	= {Varela, Carlos A and Agha, Gul and Wang, Wei-Jen and
		  Desell, Travis and El Maghraoui, Kaoutar and LaPorte, Jason
		  and Stephens, Abe},
  journal	= {Dept. of Computer Science, RPI, Tech. Rep},
  pages		= {07--12},
  year		= {2007}
}

@Article{	  wongbbgghms15,
  author	= {Peter Y. H. Wong and Richard Bubel and Frank S. de Boer
		  and Miguel G{\'{o}}mez{-}Zamalloa and Stijn de Gouw and
		  Reiner H{\"{a}}hnle and Karl Meinke and Muddassar Azam
		  Sindhu},
  title		= {Testing abstract behavioral specifications},
  journal	= {{STTT}},
  volume	= {17},
  number	= {1},
  pages		= {107--119},
  year		= {2015}
}

@InCollection{	  woodcock2014contracts,
  title		= {Contracts in {CML}},
  author	= {Woodcock, Jim and Cavalcanti, Ana and Fitzgerald, John and
		  Foster, Simon and Larsen, Peter Gorm},
  booktitle	= {Leveraging Applications of Formal Methods, Verification
		  and Validation. Specialized Techniques and Applications},
  pages		= {54--73},
  year		= {2014},
  publisher	= {Springer}
}

@Article{	  yoonsik_ash_mscs,
  author	= {Cheon, Yoonsik and Perumandla, Ashaveena},
  journal	= {Software Quality Journal},
  volume	= {15},
  issue		= {1},
  month		= {March},
  year		= {2007},
  pages		= {7--25},
  publisher	= {Kluwer Academic Publishers},
  title		= {Specifying and checking method call sequences of {J}ava
		  programs}
}

@InProceedings{	  yu06fmoods,
  author	= {Ingrid Chieh Yu and Einar Broch Johnsen and Olaf Owe},
  title		= {Type-Safe Runtime Class Upgrades in {C}reol},
  booktitle	= {Proc. {FMOODS}'06},
  series	= {LNCS},
  volume	= 4037,
  publisher	= {Springer-Verlag},
  pages		= {202--217},
  month		= jun,
  year		= 2006
}

@Article{	  zerzel_rtsj,
  author	= {Zerzelidis, Alexandros and Wellings, Andy},
  title		= {A framework for flexible scheduling in the {RTSJ}},
  journal	= {ACM Trans. Embed. Comput. Syst.},
  issue_date	= {August 2010},
  volume	= {10},
  number	= {1},
  year		= {2010},
  issn		= {1539-9087},
  pages		= {3:1--3:44},
  articleno	= {3},
  numpages	= {44},
  publisher	= {ACM},
  address	= {New York, NY, USA}
}
