@inproceedings{BratanisDS10,
  author    = {Konstantinos Bratanis and
               Dimitris Dranidis and
               Anthony J. H. Simons},
  title     = {Towards Run-Time Monitoring of Web Services Conformance
               to Business-Level Agreements},
  pages     = {203-206},
  editor    = {Leonardo Bottaci and
               Gordon Fraser},
  booktitle = {Proceedings of Testing - Practice and Research Techniques, 5th International
               Academic and Industrial Conference},
  publisher = {Springer},
  series    = {Lecture Notes in Computer Science},
  volume    = {6303},
  year      = {2010},
  isbn      = {978-3-642-15584-0},
}

@inproceedings{Logean_monitoring,
 author = {Logean, Xavier and Dietrich, Falk and Karamyan, Hayk and Koppenh\"{o}fer, Shawn},
 title = {Run-time monitoring of distributed applications},
 booktitle = {Proceedings of the IFIP International Conference on Distributed Systems Platforms and Open Distributed Processing},
 series = {Middleware '98},
 year = {1998},
 pages = {459--474},
} 



@inproceedings{pcc_necula,
 author = {G. C. Necula},
 title = {Proof-carrying code},
 booktitle = {Proceedings of the 24th ACM SIGPLAN-SIGACT symposium on Principles of programming languages},
 series = {POPL '97},
 year = {1997},
 isbn = {0-89791-853-3},
 location = {Paris, France},
 pages = {106--119},
 numpages = {14},
 url = {http://doi.acm.org/10.1145/263699.263712},
 doi = {http://doi.acm.org/10.1145/263699.263712},
 acmid = {263712},
 publisher = {ACM},
 address = {New York, NY, USA},
}

@Article{leavens_baker_ruby_jml_design,
  author = 	 {G. T. Leavens and A. L. Baker and C. Ruby},
 title = {Preliminary design of {JML}: a behavioral interface specification language for {Java}},
 journal = 	{ACM SIGSOFT Software Engineering Notes},
 volume = {31},
 issue = {3},
 month = {May},
 year = {2006},
 pages = {1--38},
}

@Article{yoonsik_ash_mscs,
 author = {Cheon, Yoonsik and Perumandla, Ashaveena},
 journal = {Software Quality Journal},
 volume = {15},
 issue = {1},
 month = {March},
 year = {2007},
 pages = {7--25},
 publisher = {Kluwer Academic Publishers},
  title = 	 {Specifying and checking method call sequences of {J}ava programs},
}

@inproceedings{jml_aspects,
  author    = {Henrique Reb{\^e}lo and
               Ricardo Massa Ferreira Lima and
               M{\'a}rcio Corn{\'e}lio and
               S{\'e}rgio Soares},
  title     = {A JML Compiler Based on AspectJ},
  pages     = {541-544},
  booktitle = {Proceedings of the First International Conference on Software Testing, Verification,
               and Validation (ICST'08)},
  publisher = {IEEE Computer Society},
  year      = {2008},
}

Article{jml_aspects,
  author = 	 {H. Rebelo and S. Soares and R. Lima and P. Borba and M. Cornelio},
  title = 	 {{JML} and {A}spects: {T}he benefits of instrumenting {JML} features with {A}spect{J}},
  year = 	 {2008}
}

@Article{kiczales_aspectj,
 title = 	 {Getting started with {ASPECTJ}},
 author = {Kiczales, Gregor and Hilsdale, Erik and Hugunin, Jim and Kersten, Mik and Palm, Jeffrey and Griswold, William},
 journal = {Commun. ACM},
 volume = {44},
 issue = {10},
 month = {October},
 year = {2001},
 pages = {59--65},
} 

@Article{wing_bisl,
  author = 	 {J. M. Wing},
  title = 	 {Writing {L}arch interface language specifications},
  journal = 	 {ACM Transactions on Programming Languages and Systems},
  year = 	 {1987},
  volume = 	 {9},
  number = 	 {1},
  pages = 	 {1-24},
  month = 	 {1},
}

@inproceedings{chen_rosu_mop,
 author = {Chen, Feng and Ro\c{s}u, Grigore},
 title = {{MOP}: an efficient and generic runtime verification framework},
 booktitle = {Proceedings of the 22nd annual ACM SIGPLAN conference on Object-oriented programming systems and applications},
 series = {OOPSLA '07},
 year = {2007},
 isbn = {978-1-59593-786-5},
 location = {Montreal, Quebec, Canada},
 pages = {569--588},
} 

@inproceedings{chen_rosu_jmop,
  author    = {Feng Chen and
               Grigore Rosu},
  title     = {Java-MOP: A Monitoring Oriented Programming Environment
               for Java},
  year      = {2005},
  pages     = {546-550},
  editor    = {Nicolas Halbwachs and
               Lenore D. Zuck},
  booktitle = {Tools and Algorithms for the Construction and Analysis of
               Systems, 11th International Conference, Proceedings},
  publisher = {Springer},
  series    = {Lecture Notes in Computer Science},
  volume    = {3440},
}

@Article{chen_towards,
  author    = {Feng Chen and
               Grigore Rosu},
  title     = {Towards Monitoring-Oriented Programming: A Paradigm Combining
               Specification and Implementation},
  journal   = {Electr. Notes Theor. Comput. Sci.},
  volume    = {89},
  number    = {2},
  year      = {2003},
  pages     = {108-127},
  ee        = {http://dx.doi.org/10.1016/S1571-0661(04)81045-4},
  bibsource = {DBLP, http://dblp.uni-trier.de}
}

@inproceedings{martin_livshits_lam_pql,
 author = {Martin, Michael and Livshits, Benjamin and Lam, Monica S.},
 title = {Finding application errors and security flaws using {PQL}: a program query language},
 booktitle = {Proceedings of the 20th annual ACM SIGPLAN conference on Object-oriented programming, systems, languages, and applications},
 series = {OOPSLA '05},
 year = {2005},
 pages = {365--383},
} 

@Article{bodden_jlo,
  author = 	 {E. Bodden},
  title = 	 {J-lo, a tool for runtime-checking temporal assertions},
  journal = 	 {Master Thesis, RWTH Aachen University},
  year = 	 {2005},
}

@inproceedings{tracematches,
  title = 	 {Adding trace matching with free variables to {A}spect{J}},
 author = {Allan, Chris and Avgustinov, Pavel and Christensen, Aske Simon and Hendren, Laurie and Kuzins, Sascha and Lhot\'{a}k, Ond\v{r}ej and de Moor, Oege and Sereni, Damien and Sittampalam, Ganesh and Tibble, Julian},
 booktitle = {Proceedings of the 20th annual ACM SIGPLAN conference on Object-oriented programming, systems, languages, and applications},
 series = {OOPSLA '05},
 year = {2005},
 isbn = {1-59593-031-0},
 pages = {345--364},
} 

@Article{java_mac,
 author = {Kim, Moonzoo and Viswanathan, Mahesh and Kannan, Sampath and Lee, Insup and Sokolsky, Oleg},
 title = {{Java-MaC}: A Run-Time Assurance Approach for {Java} Programs},
 journal = {Form. Methods Syst. Des.},
 volume = {24},
 issue = {2},
 month = {March},
 year = {2004},
 pages = {129--155},
 publisher = {Kluwer Academic Publishers},
} 


@Article{pax,
  author = 	 {K. Havelund and G. Rosu},
  title = 	 {Monitoring {J}ava programs with {J}ava {P}ath{E}xplorer},
  journal = 	 {Runtime Verification (in connection with CAV '01) },
  year = 	 {2001},
  pages = {200-217},
  volume = 	 {55.2 of ENTCS},
}

@inproceedings{eagle,
  author    = {Howard Barringer and
               Allen Goldberg and
               Klaus Havelund and
               Koushik Sen},
  title     = {Rule-Based Runtime Verification},
  year      = {2004},
  pages     = {44-57},
  editor    = {Bernhard Steffen and
               Giorgio Levi},
  booktitle = {Verification, Model Checking, and Abstract Interpretation,
               5th International Conference (VMCAI'04), Proceedings},
  publisher = {Springer},
  series    = {Lecture Notes in Computer Science},
  volume    = {2937},
}

@Article{jcontractor,
  author    = {Parker Abercrombie and
               Murat Karaorman},
  title     = {{jContractor}: Bytecode Instrumentation Techniques for Implementing
               Design by Contract in {Java}},
  journal   = {Electr. Notes Theor. Comput. Sci.},
  volume    = {70},
  number    = {4},
  year      = {2002},
  pages     = {55-79},
}

@Article{jass,
  author    = {Detlef Bartetzko and
               Clemens Fischer and
               Michael M{\"o}ller and
               Heike Wehrheim},
  title     = {Jass - {Java} with Assertions},
  journal   = {Electr. Notes Theor. Comput. Sci.},
  volume    = {55},
  number    = {2},
  year      = {2001},
  pages     = {103-117},
}

@inproceedings{stijn,
  author = 	 {S. de Gouw and J. Vinju and F. S. de Boer},
  title = 	 {Prototyping a tool environment for run-time assertion checking in {JML} with {C}ommunication {H}istories},
  journal = 	 {Proceedings of the 12th Workshop on Formal Techniques for Java-Like Programs},
  year = 	 {2010},
  publisher = {ACM},
  pages = {6:1--6:7},
  series = {FTFJP '10},
  doi = {10.1145/1924520.1924526}
}

@Article{DBLP:journals/mst/Knuth68,
  author    = {D. E. Knuth},
  title     = {Semantics of Context-Free Languages},
  journal   = {Mathematical Systems Theory},
  volume    = {2},
  number    = {2},
  year      = {1968},
  pages     = {127-145},
  bibsource = {DBLP, http://dblp.uni-trier.de}
}

@Book{dbc,
  author = 	 {B. Meyer},
  title = 	 {Object-Oriented Software Construction, 2nd edition},
  publisher = 	 {Prentice Hall, New Jersey},
  year = 	 {2000},
}

@Article{Alur_abstractvisibly,
 author = {R. Alur and P. Madhusudan},
 title = {Adding nesting structure to words},
 journal = {J. ACM},
 volume = {56},
 issue = {3},
 year = {2009},
 pages = {16:1--16:43},
 articleno = {16},
 numpages = {43},
 publisher = {ACM},
}


@Manual{Java_5_Annotations,
  title = 	 {Java 5 Annotations},
  note = {\url{http://java.sun.com/j2se/1.5.0/docs/guide/language/annotations.html}}
}

@Manual{JUnit,
  title = 	 {JUnit Test Framework},
  note = {\url{http://www.junit.org/}}
}

@Manual{MOP,
  title = 	 {{MOP}: {M}onitoring-oriented programming},
  note = {\url{http://fsl.cs.uiuc.edu/index.php/MOP}}
}

@Manual{JPDA_Home,
  title = 	 {{JPDA} Reference Home Page},
  note = {\url{http://java.sun.com/javase/technologies/core/toolsapis/jpda/}}
}

@Manual{eclipse_jdt,
  title = 	 {{E}clipse {JDT} implementing {JPDA}},
  note = {\url{http://www.eclipse.org/jdt/}}
}

@Manual{AspectJ_semantics,
  title = 	 {Aspect{J} Language Semantics},
  note = {\url{http://eclipse.org/aspectj/doc/released/progguide/semantics-pointcuts.html}}
}

@Manual{eclipse_debug_platform,
  title = 	 {{E}clipse {D}ebug {P}latform},
  note = {\url{http://www.eclipse.org/eclipse/debug/}}
}

@Manual {eclipse_junit,
  title = {{JUnit Tutorial in Eclipse}},
  note = {\url{http://www.vogella.com/articles/JUnit/article.html}}
}

﻿@Manual {maven_junit,
  title = {{Maven JUnit Integration with Surefire plugin}},
  note = {\url{http://maven.apache.org/surefire/maven-surefire-plugin/examples/junit.html}}
}

﻿@Manual {copilot,
  title = {{Copilot: A stream language for generating hard real-time C code}},
  author = {Lee Pike},
  note = {\url{http://leepike.github.com/Copilot/}}
}

﻿
@Book{szyperski_component_2002,
	title = {Component software: beyond object-oriented programming},
	isbn = {9780201745726},
	publisher = {{Addison-Wesley}},
	author = {Clemens Szyperski and Dominik Gruntz and Stephan Murer},
	year = {2002}
}

@Book {myers:art_of_testing,
  title = {The art of software testing},
  author = {Gelnford J. Myers},
  isbn = {978-0471469124},
  publisher = {Wiley},
  year = {2008}
}

@book{Heineman:cbs,
    author = {Heineman, G. T. and Council, W. T.},
    publisher = {Addison-Wesley},
    title = {{Component-Based Software Engineering: Putting the Pieces Together}},
    year = {2001}
}

@incollection {sheard:metaprog,
   author = {Sheard, Tim},
   title = {Accomplishments and Research Challenges in Meta-programming},
   booktitle = {Semantics, Applications, and Implementation of Program Generation},
   series = {Lecture Notes in Computer Science},
   publisher = {Springer Berlin / Heidelberg},
   isbn = {978-3-540-42558-8},
   pages = {2-44},
   volume = {2196},
   year = {2001}
}

@article{frank:mock,
title = "Java Test Driver Generation from Object-Oriented Interaction Traces",
journal = "Electronic Notes in Theoretical Computer Science",
volume = "243",
number = "0",
pages = "33 - 47",
year = "2009",
author = "Frank S. de Boer and Marcello B. Bonsangue and Andreas Gruner and Martin Steffen",
}

@article{Shore04a,
  author    = {Jim Shore},
  title     = {Fail Fast},
  journal   = {IEEE Software},
  volume    = {21},
  number    = {5},
  year      = {2004},
  pages     = {21-25},
  ee        = {http://doi.ieeecomputersociety.org/10.1109/MS.2004.1331296},
  bibsource = {DBLP, http://dblp.uni-trier.de}
}
