
% Optional fields: author, title, howpublished, month, year, note
@MISC{erlang:actor,
   title = {Erlang Concurrent Programming},
   note = {\url{http://www.erlang.org/course/concurrent_programming.html}},
}

% Optional fields: author, title, howpublished, month, year, note
@MISC{elixir:actor,
   title = {Elixir Agents},
   note = {\url{http://elixir-lang.org/getting-started/mix-otp/agent.html}}
}

% Optional fields: author, title, howpublished, month, year, note
@MISC{go:actor,      
   title = {Go Statement Specification},
   note = {\url{https://golang.org/ref/spec\#Go_statements}}
}

% Optional fields: author, title, howpublished, month, year, note
@MISC{rust:actor,
   title = {Concurrenty in Rust Language},
   note = {\url{https://doc.rust-lang.org/book/concurrency.html}}
}

@inproceedings{rust:2014,
  title={The rust language},
  author={Matsakis, Nicholas D and Klock II, Felix S},
  booktitle={Proceedings of the 2014 ACM SIGAda annual conference on High integrity language technology},
  pages={103--104},
  year={2014},
  organization={ACM}
}

% Optional fields: author, title, howpublished, month, year, note
@MISC{kilim,
  author = {Sriram Srinivasan},
  title = {Kilim},
  note = {\url{http://www.malhar.net/sriram/kilim/}}
}

% Optional fields: author, title, howpublished, month, year, note
@MISC{quasar,
  author = {Parallel Universe Co.},
  title = {Quasar},
  note = {\url{https://github.com/puniverse/quasar}}
}

@incollection{dahm1999byte,
  title={Byte code engineering},
  author={Dahm, Markus},
  booktitle={JITâ€™99},
  pages={267--277},
  year={1999},
  publisher={Springer}
}

@article{bruneton2002asm,
  title={{ASM}: a code manipulation tool to implement adaptable systems},
  author={Bruneton, Eric and Lenglet, Romain and Coupaye, Thierry},
  journal={Adaptable and extensible component systems},
  volume={30},
  year={2002}
}

@inproceedings{vallee1999soot,
  title={Soot-a Java bytecode optimization framework},
  author={Vall{\'e}e-Rai, Raja and Co, Phong and Gagnon, Etienne and Hendren, Laurie and Lam, Patrick and Sundaresan, Vijay},
  booktitle={Proceedings of the 1999 conference of the Centre for Advanced Studies on Collaborative research},
  pages={13},
  year={1999},
  organization={IBM Press}
}

@article{leroy2003java,
  title={Java bytecode verification: algorithms and formalizations},
  author={Leroy, Xavier},
  journal={Journal of Automated Reasoning},
  volume={30},
  number={3-4},
  pages={235--269},
  year={2003},
  publisher={Springer}
}

@inproceedings{leroy2001java,
  title={Java bytecode verification: an overview},
  author={Leroy, Xavier},
  booktitle={Computer aided verification},
  pages={265--285},
  year={2001},
  organization={Springer}
}

@Misc{      alank1,
  author  = {Alan Kay},
  title   = {Alan Kay on Messaging},
  note    = {\url{http://c2.com/cgi/wiki?AlanKayOnMessaging}}
}

@Misc{      alank2,
  author  = {Alan Kay},
  title   = {Dr. Alan Kay on the Meaning of "Object-Oriented
      Programming"},
  note    = {\url{http://userpage.fu-berlin.de/~ram/pub/pub_jf47ht81Ht/doc_kay_oop_en}}
}

@Article{   booch1982object,
  title   = {Object-oriented design},
  author  = {Booch, Grady},
  journal = {ACM SIGAda Ada Letters},
  volume  = {1},
  number  = {3},
  pages   = {64--76},
  year    = {1982},
  publisher = {ACM}
}

@Article{   meyer1988object,
  title   = {Object oriented software construction},
  author  = {Meyer, Bertrand},
  year    = {1988}
}

@Article{   philippsen2000survey,
  title   = {A survey of concurrent object-oriented languages},
  author  = {Philippsen, Michael},
  journal = {Concurrency - Practice and Experience},
  volume  = {12},
  number  = {10},
  pages   = {917--980},
  year    = {2000},
  publisher = {Citeseer}
}

@Article{   herlihy:1990:linear,
  author  = {Herlihy, Maurice P. and Wing, Jeannette M.},
  title   = {Linearizability: A Correctness Condition for Concurrent
      Objects},
  journal = {ACM Trans. Program. Lang. Syst.},
  issue_date  = {July 1990},
  volume  = {12},
  number  = {3},
  month   = jul,
  year    = {1990},
  issn    = {0164-0925},
  pages   = {463--492},
  numpages  = {30},
  url   = {http://doi.acm.org/10.1145/78969.78972},
  doi   = {10.1145/78969.78972},
  acmid   = {78972},
  publisher = {ACM},
  address = {New York, NY, USA}
}

@InProceedings{   johnsen:history,
  title   = {History-Based Specification and Verification of Scalable
      Concurrent and Distributed Systems},
  author  = {Johnsen, Einar Broch},
  booktitle = {Formal Methods and Software Engineering: 17th
      International Conference on Formal Engineering Methods,
      ICFEM 2015, Paris, France, November 3-5, 2015,
      Proceedings},
  volume  = {9407},
  pages   = {217},
  year    = {2015},
  organization  = {Springer}
}

@Article{   agha:predictive:safety,
  title   = {Online Efficient Predictive Safety Analysis of
      Multithreaded Programs},
  author  = {Agha, Gul}
}

@Book{      gosling2000java,
  title   = {The Java language specification},
  author  = {Gosling, James},
  year    = {2000},
  publisher = {Addison-Wesley Professional}
}

@InProceedings{   odersky1997pizza,
  title   = {Pizza into Java: Translating theory into practice},
  author  = {Odersky, Martin and Wadler, Philip},
  booktitle = {Proceedings of the 24th ACM SIGPLAN-SIGACT symposium on
      Principles of programming languages},
  pages   = {146--159},
  year    = {1997},
  organization  = {ACM}
}

@InCollection{    henkel2003discovering,
  title   = {Discovering algebraic specifications from Java classes},
  author  = {Henkel, Johannes and Diwan, Amer},
  booktitle = {ECOOP 2003--Object-Oriented Programming},
  pages   = {431--456},
  year    = {2003},
  publisher = {Springer}
}

@InProceedings{   nystrom2003polyglot,
  title   = {Polyglot: An extensible compiler framework for Java},
  author  = {Nystrom, Nathaniel and Clarkson, Michael R and Myers,
      Andrew C},
  booktitle = {Compiler Construction},
  pages   = {138--152},
  year    = {2003},
  organization  = {Springer}
}

@Article{   bracha1998making,
  title   = {Making the future safe for the past: Adding genericity to
      the Java programming language},
  author  = {Bracha, Gilad and Odersky, Martin and Stoutamire, David
      and Wadler, Philip},
  journal = {Acm sigplan notices},
  volume  = {33},
  number  = {10},
  pages   = {183--200},
  year    = {1998},
  publisher = {ACM}
}

@Misc{      odersky2004scala,
  title   = {The Scala language specification},
  author  = {Odersky, Martin and Altherr, Philippe and Cremet, Vincent
      and Emir, Burak and Micheloud, Stphane and Mihaylov,
      Nikolay and Schinz, Michel and Stenman, Erik and Zenger,
      Matthias},
  year    = {2004}
}

@inproceedings{ClebschD13,
  author    = {Sylvan Clebsch and
               Sophia Drossopoulou},
  title     = {Fully concurrent garbage collection of actors on many-core machines},
  pages     = {553--570},
  year      = {2013},
  doi       = {10.1145/2509136.2509557}
}

% Optional fields: author, title, howpublished, month, year, note
@MISC{ponylang,
  title = {Pony Language},
  note = {\url{http://www.ponylang.org/}},
  year = {2014--2016}
}

@inproceedings{Dahl:1968:simula,
 author = {Dahl, Ole-Johan and Myhrhaug, BJ{\o}rn and Nygaard, Kristen},
 title = {Some Features of the SIMULA 67 Language},
 booktitle = {Proceedings of the Second Conference on Applications of Simulations},
 year = {1968},
 location = {New York, New York, USA},
 pages = {29--31},
 numpages = {3},
 url = {http://dl.acm.org/citation.cfm?id=800166.805258},
 acmid = {805258},
 publisher = {Winter Simulation Conference},
} 

% Optional fields: volume/number, series, address, edition, month, note
@BOOK{taocp:knuth,
  author = {Donald Knuth},
  title = {The Art of Computer Programming},
  publisher = {Addison-Wesley},
  year = {1968},
  volume = {1: Fundamental Algorithms}
}

@article{conway1963design,
  title={Design of a separable transition-diagram compiler},
  author={Conway, Melvin E},
  journal={Communications of the ACM},
  volume={6},
  number={7},
  pages={396--408},
  year={1963},
  publisher={ACM}
}

@inproceedings{Stadler:2010:ECJ:1852761.1852765,
 author = {Stadler, Lukas and W\"{u}rthinger, Thomas and Wimmer, Christian},
 title = {Efficient Coroutines for the Java Platform},
 series = {PPPJ '10},
 year = {2010},
 publisher = {ACM},
} 

@article{Liu:2006:II:1111320.1111063,
 author = {Liu, Jed and Kimball, Aaron and Myers, Andrew C.},
 title = {Interruptible Iterators},
 year = {2006},
 publisher = {ACM},
} 

@inproceedings{Stadler:2009:LCJ:1596655.1596679,
 author = {Stadler, Lukas and Wimmer, Christian and W\"{u}rthinger, Thomas and M\"{o}ssenb\"{o}ck, Hanspeter and Rose, John},
 title = {Lazy Continuations for Java Virtual Machines},
 series = {PPPJ '09},
 year = {2009},
 publisher = {ACM},
} 

@inproceedings{SchaferP10,
  author    = {Jan Sch{\"a}fer and
               Arnd Poetzsch-Heffter},
  title     = {JCoBox: Generalizing Active Objects to Concurrent Components},
  booktitle = {ECOOP},
  year      = {2010}
}

@inproceedings{sirjani2002simulation,
  title={Simulation in Rebeca},
  author={Sirjani, Marjan and Movaghar, Ali},
  booktitle={Proceedings of the International Conference on Parallel and Distributed Processing Techniques and Applications-Volume 2},
  pages={923--926},
  year={2002},
  organization={CSREA Press}
}

@inproceedings{sirjani2007rebeca,
  title={Rebeca: Theory, applications, and tools},
  author={Sirjani, Marjan},
  booktitle={Formal Methods for Components and Objects},
  pages={102--126},
  year={2007},
  organization={Springer}
}

@phdthesis{sirjani2004formal,
  title={Formal specification and verification of concurrent and reactive systems},
  author={Sirjani, Marjan},
  year={2004},
  school={Citeseer}
}

@book{schafer2010programming,
  title={A programming model and language for concurrent and distributed object-oriented systems},
  author={Sch{\"a}fer, Jan},
  year={2010},
  publisher={Verlag Dr. Hut}
}
